1338 2477
171 369 652 54 — Essayez de nous en empêcher.

165 419 980 53 Gros Pierrot serra les dents et sauta sur sa moby¬

123 460 655 66 dette. Il entendit Géronimo crier:

171 520 572 51 — Déconne pas, Gros Loup!

173 561 977 66 Tschiiiiiiiiing! Il entendit comme un sifflement et,

121 625 1031 52 aussitôt, se mit à gueuler comme un putois. Il venait

123 679 1029 51 de recevoir quelque chose dans la fesse droite. Il tâta

123 720 1027 60 pour voir ce que c’était et arracha. C’était cette flèche

128 780 491 53 qu’il brandit maintenant.

173 879 979 54 — Alors, je me retourne, poursuit Gros Pierrot, et

125 935 1029 59 j’vois un gros emplumé barbu qui rigole, son arc à la

128 982 852 56 main. Qu’est-ce que vous auriez fait, vous?

171 1032 780 55 Silencieux, les villageois se dévisagent.

177 1077 977 64 — Sans mentir, z’étaient bien une vingtaine à

128 1139 1022 58 s’boyauter, qu’est-ce que je pouvais faire  Empétardé,

128 1188 1022 60 j’étais, mais empétardé! Oh, y a pas d’quoi rire!

128 1240 1028 52 J’aurais voulu vous y voir, vous, avec le derrière en

130 1283 1026 60 fleur!... Bon. Tremonte sur ma mob — pas possible

130 1335 863 60 bien sûr de m’cuter — j’démarre, et me v’là!

173 1387 985 59 Petit Pierrot tripote son groin violacé, il prend un

130 1449 216 49 air sagace.

185 1488 973 60 — Sûir, faut pas laisser passer ça. D’abord qui c’est,

130 1548 1030 53 ces gens? C’est pas des gars d’ici. On a déjà assez à

130 1597 518 50 faire avec les magrébiens.

179 1645 981 60 Un petit moustachu chafouin, les jambes torses, af¬

132 1702 937 50 fligé d’un nez pointu de musaraigne, renchérit:

185 1752 793 47 — On va leur apprendre à rigoler, tiens!

179 1793 985 62 — Faites rien, dit le maréchal des logis Lapoujade.

134 1845 1032 62 Ça doit être cette expérience qu’ils font à la

132 1899 817 59 Flaubertière, Je vais tâcher d’arranger ça.

181 1950 659 60 Il se dirige vers la porte du débit.

1117 2028 56 72 17
