2177 2477
1067 355 732 55 — Vous tournez un film pour la télé?

1065 410 977 54 Du coup, Géronimo cessa de s’intéresser à lui. Il se

1022 466 1020 47 tourna vers sa tribu qui s’était rassemblée autour de

1020 505 264 62 la mobylette.

1069 561 975 52 — Le Visage Pâle a perdu ses esprits; il ne sait plus

1020 606 812 64 reconnaître un Indien quand il en voit un.

1069 656 977 64 Il fonça sur la clôture du pré et arracha un nouveau

1022 716 1020 58 piquet. Gros Pierrot crut avoir compris. Son visage

1024 759 227 62 s’épanouit.

1071 811 802 58 — Vous n’êtes pas en train de filmer, là?

1069 864 975 58 Il chercha du regard la caméra et les gars de la télé.

1024 918 1024 56 Que dalle. Et le dénommé Géronimo qui continuait ses

1022 970 1026 60 malfaisances! Gros Pierrot ne put s’empêcher de lui

1022 1015 116 62 dire:

1076 1071 970 64 — Dites donc, après, faudra tout remettre en place,

1024 1129 419 49 comme c’était avant.

1076 1170 977 56 — C’est bien ce que nous faisons, rétorqua

1026 1232 1025 51 Géronimo. Il y a cinq mille ans, il n’y avait pas ces

1028 1275 225 60 saloperies!

1074 1323 977 62 Il montrait les pieux couchés dans l’herbe. Gros

1028 1370 213 60 Pierrot rit.

1080 1424 217 60 — Ça, oui.

1074 1484 766 55 — Donc, nous remettons tout en place.

1074 1535 981 54 Le mufle de Gros Pierrot se plissa; il se mit à lou¬

1026 1587 1025 51 cher comme chaque fois qu’il était perturbé. En les re¬

1030 1630 713 64 gardant par en dessous, il demanda:

1080 1688 923 56 — Alors, c’est pour de vrai que vous faites ça?

1078 1742 981 49 — Aussi vrai que nous sommes des Indiens, répondit

1028 1783 488 62 Géronimo avec sérénité.

1080 1839 977 60 Une rage archaïque, irraisonnée s’empara de Gros

1030 1888 159 60 Pierrot.

1086 1938 900 68 — Et vous croyez qu’on va vous laisser faire?

1047 2043 53 50 16
