2550 3301
311 297 1919 64 la route en contrebas de l’hôtel. Un gros car Chausson surgit au virage. Julie

310 368 1614 70 agita le bras. Le véhicule freina, stoppa. Julie et Peter montèrent.

380 445 1847 74 — T’as de la chance d’être mignonne! s’exclama le conducteur en blouse

308 520 229 72 blanche.

370 603 1862 60 La porte se referma dans un vacarme pneumatique et le car dévala la

308 671 1926 75 pente. À l’intérieur, cela sentait le chien mouillé. Des paysans somnolaient

311 748 1919 58 sur des banquettes éraillées, le chapeau sur la tête, des paniers sur les

313 817 1917 70 genoux. Julie s’assit. La tête lui tournait. Elle avait un goût métallique dans

310 889 1922 64 la bouche. Le car vibrait dans une interminable succession de virages en

313 964 228 61 lacets...

376 1039 1179 66 ... Et le conducteur tapait sur l’épaule de Julie.

376 1118 638 72 — Vous n’êtes pas bien?

372 1197 1856 70 La jeune fille posa un regard abasourdi sur la place plantée d’arbres où le

310 1272 357 74 car était garé.

376 1349 900 70 — J’ai dormi, dit-elle avec stupeur.

377 1434 899 69 — Terminus. Cinq francs cinquante.

370 1507 1862 68 Julie paya. Ils descendirent, elle et Peter. Ils s’éloignèrent, quittèrent la

308 1580 1922 76 place, avisèrent un café désert, s’installèrent à la terrasse. Julie commanda

311 1657 1747 61 un grand crème et un grand chocolat. Le café n’avait pas de croissants.

377 1734 1141 63 — Attends-moi une seconde, dit Julie à Peter.

374 1815 1856 62 Il y avait une boulangerie à deux pas et un tabac juste à côté. La jeune fille

308 1888 1676 61 revint à sa table avec des croissants, des cigarettes et des journaux.

372 1967 1864 63 Pendant que Peter mangeait, Julie alluma fébrilement une Gauloise et

308 2039 1924 69 feuilleta les canards. Elle avait encore droit à un titre de moyenne

310 2110 1920 64 importance, mais le texte d’accompagnement était bref. À l’évidence, les

308 2184 1924 69 journalistes n’avaient pas d’informations nouvelles. Ils devraient titrer: LE

308 2257 1922 62 FILET SE RESSERRE, mais quand c’est vrai, ils ne l’impriment pas, songea Julie

310 2329 1552 60 avec une petite crispation de la lèvre. Sa nuque lui faisait mal.

372 2406 1862 62 Les journalistes brodaient sur Hartog, « jeune financier», « ascension

308 2477 888 64 météorique», « bien des envieux».

370 2554 1862 68 Il est en ce moment impossible de joindre l’industriel, lut Julie. Selon

306 2629 1926 70 certaines sources, M. Hartog, qui est revenu précipitamment de Munich en

308 2704 1922 61 apprenant la disparition de son neveu, aurait quitté Paris de nouveau afin

306 2772 1778 74 de se soustraire à la publicité pendant le déroulement des recherches.

376 2851 1357 66 — Évidemment, murmura Julie, il est à la Tour Maure.
