2550 3301
1185 603 167 81 CINQ

372 869 1860 71 L’immeuble avait cinq étages. Pendant que le médecin s’occupait de

310 942 1920 62 Hartog, le chauffeur véhicula la jeune femme à travers la demeure. Le rez-

308 1017 1928 75 de-chaussée et le premier étage étaient occupés par des salles de travail et

308 1087 1922 70 des bureaux vides, aux moquettes épaisses, aux meubles de teck. Des

310 1162 506 59 Mondrian aux murs.

374 1239 1856 68 L’ascenseur stoppa au second étage. Les portes s’ouvrirent, mais le

310 1311 1640 60 chauffeur appuya sur le bouton commandant qu’elles se referment.

374 1388 1856 69 — Les appartements du patron, dit-il. Interdits à la circulation, sauf s’il

313 1463 303 60 vous invite.

374 1544 708 60 La cabine monta d’un étage.

376 1622 1854 70 — C’est ici que vous logerez. On sort. Le dernier étage est pour le sale

311 1694 182 64 môme.

377 1769 465 74 — Le petit Peter?

372 1850 576 70 — Oui. Le sale môme.

385 1931 418 73 — Tout l’étage?

374 2009 669 65 Le chauffeur hocha la tête.

383 2092 1363 68 — Le patron vous montrera. Venez voir votre chambre.

368 2167 1862 66 Julie suivit l’homme dans le corridor sans fenêtres. Une porte blanche

311 2242 1919 65 s’ouvrit sur une pièce d’environ dix mètres sur quatre. Moquette bleue, murs

310 2314 1924 64 blancs. Une très grande fenêtre au fond, donnant sur la rue de Longchamp. Un

310 2389 1920 61 Pollock sur le mur de gauche, des unités de rangement contre celui de droite.

308 2459 1922 62 Placards et rayons étaient recouverts d’un enduit plastique blanc au grain fin.

308 2527 1922 67 De même pour le lit à couverture rouge. Il n’y avait pas de couvre-lit. Une

310 2602 1920 62 table et une chaise blanche, au milieu de la pièce, complétaient le décor.

306 2671 1924 70 Cela laissait beaucoup d’espace vide. Julie frissonna, croisa les bras. Le

306 2745 1922 62 chauffeur s’était avancé au milieu de la chambre avec la valise. Il se

308 2824 240 58 retourna.

376 2897 836 73 — Je m’appelle André. Et vous?
