2550 3301
1183 607 178 66 SEIZE

370 863 1860 70 Julie était loin. Elle était essoufflée. Elle ne courait plus, sauf pour

305 940 1922 72 franchir de brèves portions de terrain découvert. Elle se trouvait en pleine

310 1015 1924 63 nature. Le bois se clairsemait pour faire place à des ondulations de terrain

310 1087 1920 62 sableux, parsemées de chaos de rochers que surplombaient des pins. Dans

310 1157 1924 66 les combes s’amassaient de grandes quantités de fougères. On n’apercevait

311 1234 894 58 aucune trace d’occupation humaine.

372 1307 1860 64 Au fur et à mesure que la jeune fille marchait, sa tête s’éclaircissait. Elle

306 1379 1924 64 claquait des dents. Elle devait résister à l’envie de se coucher pour dormir.

310 1456 1924 60 Peter était toujours inconscient dans ses bras. Julie avait mal aux épaules, et

308 1523 1922 68 dans les jarrets, et aux pieds. Ses chaussures n’étaient pas faites pour la

308 1597 1922 70 marche. Elles étaient pleines de sable et de fragments de bruyère qui

310 1668 1924 63 démangeaient les orteils de la jeune fille. Son collant fumée était en

308 1736 1920 68 lambeaux. Il était trois heures de l’après-midi. Il faisait un beau soleil, mais

310 1810 1924 66 un front nuageux arrivait de l’Ouest. Julie s’orientait au soleil. Elle marchait

313 1883 310 66 vers l’astre.

383 1965 1853 61 Tout en soutenant le garçonnet, elle tenait à la main le pistolet

308 2035 1919 66 automatique. Il lui était difficile de croire qu’elle avait abattu deux hommes.

308 2105 1922 68 Cette idée la plongeait dans l’hilarité. Épuisée, la jeune fille s’arrêta à

311 2182 1923 60 l’ombre d’un bouquet de pins, le dos à un rocher, sur un tertre d’où l’on

310 2250 1920 64 voyait loin. Elle reprit haleine. Elle s’occupa de Peter. Allongé sur le dos

310 2325 1920 62 dans le sable, le garçonnet dormait la bouche ouverte. Julie le secoua sans

310 2396 1924 63 obtenir de réaction. Elle lui souleva les paupières. Il avait les yeux

308 2466 1920 64 légèrement révulsés. Il secoua la tête dans son sommeil. Il n’était pas

308 2541 1920 68 exactement dans le coma mais il dormait très profondément,

308 2609 1922 70 irrépressiblement, et il n’y avait rien d’autre à faire qu’attendre. Avec une

310 2682 1918 65 branche morte, Julie traça dans le sable, devant elle, un grand cœur à

313 2760 1728 60 l’intérieur duquel elle inscrivit: ICI VÉCUT JULIE LA CHIENNE ENRAGÉE.

374 2838 1854 66 La jeune fille avait soif. Au bout d’un moment, elle se remit en marche,

308 2906 1919 74 portant Peter. Elle oublia le MAB dans le sable. Elle traversa une lande moins
