2550 3301
379 293 629 73 — Julie. Julie Ballanger.

376 381 1418 70 — Vous êtes pas parente avec un politicien communiste?

376 462 1053 66 — Non. Je ne suis la parente de personne.

374 537 1860 71 — Moi, je ne suis plus marié, dit le chauffeur. Vous voulez boire un

313 619 189 52 verre?

370 687 1866 64 Il posa la valise et alla ouvrir un élément bas. Julie aperçut un assortiment

308 761 1926 62 de bouteilles en même temps qu’un électrophone. Le chauffeur remarqua son

308 834 194 73 regard.

376 913 1858 71 — Pour ça, on peut pas dire que le patron fait mal les choses. C’est un

311 984 1261 75 type. Qu’est-ce que vous buvez? Un autre scotch?

370 1059 1862 70 Julie hocha la tête. Le chauffeur lui tendit un verre. Il s’était versé un

310 1135 1608 62 Ricard. Il en but la moitié et s’essuya les lèvres avec sa manche.

372 1215 1680 74 — Physiquement, vous êtes mieux foutue que la Vieille Polio, fit-il.

372 1289 536 75 — La Vieille Polio?

370 1375 1858 70 — La nurse précédente. Complètement sciée à la base. Et quinqua. Et con.

317 1448 706 72 Vous, votre truc, c’est quoi?

377 1527 1857 62 — Je ne comprends rien, dit Julie. Mon truc? Qu’est-ce que vous voulez

310 1591 155 68 dire?

372 1681 857 70 — La chose qui va pas chez vous.

374 1758 794 70 — Je suis guérie, affirma Julie.

376 1839 1856 62 — Des clous, oui! s’exclama le chauffeur. Le patron, il fait le bien comme

310 1912 1920 64 un fou. N’engage que des tarés. Il fait des usines pour les infirmes tu te rends

311 1993 237 62 compte?

374 2059 323 71 — Pas bien.

366 2140 1864 64 — Les mecs dans des petites voitures, il les fait bosser à la chaîne. Dans

310 2213 1920 66 la maison, c’est le même tabac. La cuisinière est épileptique. Le jardinier n’a

310 2290 1922 59 qu’un bras, ce qu’est pratique pour actionner le sécateur. La secrétaire

308 2358 1922 71 particulière est aveugle. Le valet fait de l’ataxie locomotrice, donc faut pas

311 2433 1919 62 s’étonner si ça arrive froid, les plats. L’ancienne nurse du sale môme, je t’ai

308 2505 605 60 dit. Et toi, tu te connais.

376 2576 658 72 — Et toi? demanda Julie.

374 2666 1860 59 Elle avait sorti des Gauloises et un Criquet. Elle alluma une cigarette et

310 2747 1460 51 rejeta la fumée par les narines en arquant le cou en arrière.

387 2807 601 74 — Et toi ? répéta-t-elle.

376 2893 805 65 Le chauffeur haussa les épaules.
