2550 3301
1141 608 258 76 QUATRE

374 869 1858 73 La Lincoln longea la Seine. Des Portugais casqués de plastique

305 929 1928 80 manipulaient des marteaux-piqueurs. Hartog sortit un paquet de Gitanes, en

310 1015 730 70 offrit une à Julie qui accepta.

374 1092 1856 70 — Vous n’allez pas reconnaître grand-chose. En cinq ans, on a beaucoup

308 1166 249 60 construit.

376 1241 587 72 — Je l’ai entendu dire.

379 1327 985 61 — Vous vous intéressez à l’urbanisme?

374 1402 680 72 — Pas tellement. Et vous?

379 1487 391 69 — Plus que ça.

372 1562 1146 66 Julie sourit, exhalant la fumée par les narines.

396 1643 1838 73 — Je sais, dit-elle, que vous avez dessiné vous-même la Fondation

310 1714 203 75 Hartog.

385 1791 1216 75 — La Fondation Hans-Peter et Margerite Hartog.

376 1874 1056 73 — Mais on l’appelle la Fondation Hartog.

374 1953 1302 69 — Mais c’est la Fondation Hans-Peter et Margerite.

372 2035 682 68 — Votre frère et sa femme.

370 2114 1860 62 Le rousseau hocha la tête. Les coins de sa bouche étaient crispés. Des

310 2185 1920 67 brins de tabac adhéraient à sa lèvre inférieure. Sa cigarette était mouillée de

313 2259 184 62 salive.

372 2340 1860 71 — Vous pourriez dire, ajouta-t-il, que j’ai compensé le désir de mort que

310 2407 1922 81 j’avais eu à l’égard de mon frère, vous pourriez dire que je l’ai compensé en

310 2483 651 62 construisant la Fondation.

376 2560 1089 71 — Vous vous intéressez à la psychanalyse?

385 2644 897 68 — Pas plus que vous à l’urbanisme.

372 2719 1858 70 La Lincoln franchit la Seine et circula dans Neuilly. Rue de Longchamp,

306 2791 1928 66 elle tourna au pied d’un immeuble dont la façade s’ornait d’une fresque en

310 2866 1922 71 matière plastique. Des portes coulissèrent automatiquement devant la
