2550 3301
372 295 1858 68 Elle alla prendre l’ascenseur. Au rez-de-chaussée, elle trouva sans peine

310 366 1920 68 la porte K (le K en métal doré saillait sur le battant). Julie frappa. À

313 440 1011 77 l’intérieur, elle entendait parler Hartog!

374 520 293 70 — Entrez!

368 597 1866 74 La jeune fille obéit, referma derrière elle. Le bureau était carré, tout

310 674 1920 61 blanc, avec une table blanche encombrée de papiers et de dossiers, une

308 744 1922 64 chaise blanche, deux grands fauteuils de cuir blanc et une couche de repos

308 817 1922 61 assortie. Hartog était assis au bord de la couche et parlait dans un combiné

308 889 1920 64 excentrique muni d’un cadran à la base et d’un très long fil tire-bouchonné.

308 959 1922 66 Le rousseau n’était pas rasé. Il portait une robe de chambre en nylon blanc

310 1034 1920 70 sous laquelle se voyait un pyjama noir et bleu. Il fumait. Un cendrier

308 1104 1240 64 métallique monté sur pied était posé à côté de lui.

376 1186 1856 70 — Je me fous complètement du projet de Goujon! cria-t-il dans le

308 1259 1922 63 téléphone. Je vous ai dit ce que je veux, je vous ai envoyé un crobard, ça ne

313 1329 626 62 vous suffit pas? Merde!

372 1406 1862 66 Julie hésitait au milieu de la moquette gris clair. Du geste, Hartog lui fit

313 1481 1286 63 signe de s’asseoir. Il fit tomber sa cendre sur le sol.

372 1556 1864 76 — Qu’il se torche le cul avec! hurla-t-il dans le téléphone. Circulation

308 1633 1922 72 pédestre entre les habitations ouvrières, autoroute jusqu’au gisement. Les

308 1703 1456 66 coûts? Quels coûts? C’est moi que ça regarde, les coûts!

372 1793 1862 61 Julie entendait les coûts et comprenait les coups, et ne comprenait

310 1855 427 65 absolument rien.

374 1936 1524 72 — Bien. C’est mieux. Rappelez-moi après-demain à Munich.

374 2015 1860 60 Il raccrocha sans dire au-revoir, se tourna vers Julie. Le visage du

310 2090 1924 59 rousseau luisait. La sueur emperlait la racine de ses cheveux trop fins, au

311 2160 1912 62 sommet de son crâne tacheté. Il alluma une Gitane au mégot de la précédente.

379 2239 1365 71 — J’ai demandé du café! Où est-il, ce putain de café?

372 2318 286 73 On frappa.

374 2398 286 70 — Entrez!

374 2475 1189 64 Le valet entra avec le café sur un plateau blanc.

376 2560 1337 69 — C’est pas trop tôt, Georges, grommela le rousseau.

376 2633 1563 71 — J’ai dû le faire moi-même, dit Georges d’une voix révoltée.

377 2719 1086 70 — Et pourquoi ça? Je paie une cuisinière!

377 2793 1851 73 — Mme Boudiou est très mal, dit Georges. Elle a une crise. Elle a encore

310 2870 631 71 manqué avaler sa langue.
