2550 3301
1216 610 114 66 SIX

370 865 1866 75 Après le départ du chauffeur, Julie s’installa. Les placards étaient bien

308 942 1922 72 trop grands pour le peu de biens que possédait la jeune fille, mais

310 1015 1920 61 lorsqu’elle les ouvrit, elle vit qu’ils étaient déjà à dem pleins. Des

310 1085 1918 63 vêtements pendaient sur des cintres. D’autres étaient pliés sur des étagères.

308 1155 1926 68 Julie en fit vivement l’inventaire. Ils étaient neufs et à sa taille. Cherchant un

310 1232 1922 62 miroir, la jeune fille découvrit la salle de bains, derrière une porte presque

308 1300 1926 64 invisible, près du Pollock. Comme la chambre, la salle de bains était

308 1373 1922 72 pourvue: savon, gant de crin, dentifrice (de trois sortes), sels de bain, etc. Il

308 1446 1922 72 y avait même un nécessaire pour se raser les jambes. Julie grinça des dents

310 1520 212 69 de rage.

370 1593 1862 66 Il y avait un grand miroir au mur de la salle de bains et la jeune fille se

308 1668 1924 63 regarda dedans. Elle essaya plusieurs vêtements neufs qui lui plaisaient. Elle

310 1740 1926 70 se regarda également nue et n’aima pas ce qu’elle voyait. Elle se trouvait

310 1811 1920 70 garçonnière, charpentée comme un cheval, les seins trop plats, les épaules

308 1883 1920 68 trop musclées, les hanches trop étroites et la taille pas assez fine. Ses

308 1958 1922 70 cheveux très noirs, mi-longs, soigneusement arrangés et frisés

308 2026 1926 66 artificiellement à leurs extrémités, semblaient une perruque. Bref, elle avait

311 2101 894 61 l’air d’un travelo récemment opéré.

368 2182 1862 60 Elle n’osa pas mettre un des habits neufs, dont certains pourtant lui

306 2252 1924 71 plaisaient malgré elle. Elle alla ouvrir sa valise et passa une petite robe

310 2325 1920 62 noire démodée. Puis elle rangea le reste de ses affaires. Quelques vêtements

310 2396 1922 63 vieux de cinq ans. Pas de bijoux, même de fantaisie. Une trousse de toilette

308 2468 1924 62 qui alla se poser sur la plaque de verre, au-dessus du lavabo. Une trousse à

308 2538 1924 64 médicaments, et Julie consulta sa Kelton rayée et jugea qu’il était l’heure

310 2611 1920 62 d’un Tofranil. Elle l’avala avec un peu de scotch. Enfin, elle rangea ses

308 2682 1926 65 livres, quelques romans policiers, des textes de Freud en édition populaire et

308 2754 1924 70 une série de petits volumes en anglais destinés à l’identification des oiseaux

308 2829 974 68 communs, des fleurs des champs, etc...
