2550 3301
372 295 1864 75 Ah! le petit salaud, le bougre de petit salaud, mais non, songea Julie, c’est

305 371 529 77 moi qui suis cinglée.

377 451 1853 75 — Je ne suis pas allée à la police parce que j’ai peur de la police, je

310 522 1918 74 déteste la police, police, police, police, là! Voilà! Là! ragea Julie à mi-

313 608 143 55 VOIX.

377 673 358 71 — Pourquoi?

376 753 1821 64 — Oh seigneur! s’exclama la jeune fille en s’asseyant au bord de son lit.

372 832 1858 64 Elle ne savait pas si elle allait se mettre à pleurer ou éclater de rire. Dans

310 904 1924 64 le doute, elle enfila son short et son T-shirt maculé de sueur. En quittant

310 975 1920 64 la 204, elle avait encore fait des kilomètres et des kilomètres avec Peter

310 1048 1922 65 dans les bras, par des sentiers, de petites routes, à travers champs, dix

310 1118 1917 66 kilomètres, vingt kilomètres, elle ne savait pas. Elle avait la tête lourde.

319 1193 1084 63 Toutes ses articulations la faisaient souffrir.

376 1274 1854 62 — Je suis un ancien bandit, dit-elle involontairement, et elle regarda Peter

310 1346 1251 71 avec inquiétude pour voir l’effet que ça lui faisait.

372 1423 275 73 Il gloussa.

377 1507 619 66 — C’est même pas vrai.

374 1580 697 72 — Si. J’ai fait de la prison.

372 1665 737 69 — Pourquoi? Pour meurtre?

377 1736 388 74 — Habille-toi.

372 1826 1860 75 Derrière les contrevents, il faisait clair. Depuis que Peter avait prononcé

310 1892 1535 68 le mot police, Julie étouffait dans la pénombre de la chambre.

370 1973 1858 75 — Je veux que tu m’expliques! cria l’enfant. Quand est-ce que je me suis

310 2046 227 59 couché?

372 2125 970 64 La jeune fille prit sa tête à deux mains.

377 2206 1853 58 — Tu veux vraiment comprendre? Tu veux voir les choses comme elles

310 2275 990 63 sont? Je suis une évadée. Tu me crois?

376 2358 1858 71 — Bien sûr, dit Peter. Comme le Proscrit. Il faut que tu prouves ton

310 2439 284 53 innocence.

372 2505 596 73 — Voilà, soupira Julie.

374 2589 677 71 — De quoi es-tu accusée?

376 2668 765 58 — De meurtre. Tu es content?

377 2748 1055 72 — Moi, je te fais confiance, affirma Peter.

379 2824 538 71 — Alors, habille-toi.

374 2904 686 68 La jeune fille aida l’enfant.
