2550 3301
310 297 1920 64 bases. J’ai vu mon client. Il est extrêmement mécontent. Il est même dans une

308 370 1926 62 rage folle. La discussion était mal partie, puis des faits nouveaux sont

311 437 1096 71 intervenus. Vous avez écouté les nouvelles?

374 524 1121 61 — Oui, dit Coco. Ils ne disent rien, au poste.

374 599 1854 74 — Justement. La fille n’est pas allée à la police. Elle s’est tirée. Et moi,

310 673 862 64 dit Thompson, il faut que je la tue.

372 768 932 49 Il crispait ses mains sur son estomac.

376 832 836 72 — Elle s’est tirée? répéta Coco.

372 913 1858 64 — Hier après-midi mais nous ne l’avons su que dans la nuit- elle a

311 986 1921 62 agressé un automobiliste qui l’avait prise à son bord avec l’enfant. Elle l’a

310 1058 1922 62 assommé à coups de cric. Elle lui a volé son portefeuille et sa voiture. Et la

311 1129 1919 64 voiture a été retrouvée vide, en panne sèche, sur un parking de l’autoroute

310 1201 1210 64 A 6, à quarante-cinq kilomètres au nord de Lyon.

377 1280 918 67 — Elle est dingue! s’exclama Coco.

374 1362 209 66 — Oui.

372 1439 554 62 Coco secouait la tête.

374 1518 1444 62 — D’où tenez-vous vos informations? demanda Nénesse.

372 1597 1858 71 — Mon client, dit Thompson, les tient directement de la police, au sein de

311 1667 620 66 laquelle il a des amitiés.

379 1753 976 69 — Et qu’est-ce qu’il veut qu’on fasse?

376 1830 1858 69 — Il veut que je la retrouve avant la police, et que je la tue. Et j’ai besoin

311 1903 1409 62 d’un chauffeur. Je ne peux plus conduire. Je suis malade.

376 1980 1498 73 — Votre client, ce qu’il demande, dit Coco, c’est infaisable.

379 2061 501 71 Thompson grimaça.

376 2140 1176 73 — Non. Il faut que je la tue. Et le gosse. Il faut.

374 2219 1860 66 Les frères se regardèrent. Thompson était siphonné, c’était visible. D’un

310 2292 834 64 autre côté, ça représentait du blé.

377 2374 1352 70 — Il paie toujours deux briques par tête, votre client?

379 2451 615 65 Thompson hocha la tête.

376 2532 818 72 — On peut essayer, dit Nénesse.

372 2607 1856 68 — J’ai seulement besoin d’un chauffeur. Seulement besoin de Coco. Vous

311 2681 303 64 êtes blessé.

376 2765 1691 64 — Nénesse et moi, dit Coco, on fonctionne ensemble ou pas du tout.

381 2840 683 74 — Bon, bon, fit Thompson.

377 2925 905 64 Il frottait ses yeux rougis. Il soupira.
