2550 3301
1181 608 183 68 DEUX

374 869 1856 64 Dans la salle des fêtes du manoir, un public de patients était assis sur des

308 940 1922 64 bancs. Profitant de l’inattention des soignants, ils se repassaient un litre de

308 1014 1922 64 Kiravi dans lequel ils buvaient avec une paille. Sur l’estrade, une douzaine

308 1087 1922 77 de personnes s’agitaient, chantaient et jouaient de la musique. Il y avait une

311 1164 1624 59 batterie, un piano droit, un cornet à pistons et un saxophone ténor.

376 1232 1735 75 — Ah! La troublante volupté de la première étreinte! criait le chœur.

374 1320 1209 60 Plusieurs spectateurs applaudissaient sans arrêt.

374 1399 1862 64 Dans la chambre de Julie, on entendait le son lointain du concert, mais on

310 1472 748 62 ne distinguait pas les paroles.

372 1547 1858 70 La pièce était à peu près cubique, avec des murs vert pâle, un lit blanc,

308 1619 1924 66 une table, une chaise, un store, et la reproduction d’un tableau de Van Gogh

306 1690 1928 66 représentant du blé. Julie était debout près de ses bagages, une valise en

308 1767 1922 61 carton et un sac de skaï. C’était une jeune fille mince et grande, aux joues

308 1839 1922 62 creuses, aux cheveux abondants et très noirs. Elle avait un teint de porcelaine

308 1907 1926 64 et des lèvres vivement colorées. Elle était belle, mais d’aspect choquant. On

310 1982 1922 60 aurait pu la prendre pour un travesti. Son tailleur de tweed était trop chaud

308 2052 1920 71 pour la saison. Ses grandes mains brunes dépassaient de ses manches comme

310 2123 856 62 des bottes de haricots qui sèchent.

372 2204 1368 75 Une infirmière au visage bienveillant et chevalin entra.

377 2285 677 69 — Il est là, annonça-t-elle.

377 2358 255 75 — Déjà?

374 2444 886 72 — Quoi, vous n’êtes pas contente?

372 2523 539 70 — Je suis angoissée.

372 2598 1794 73 — Allons, mon petit. N’y a pas à s’en faire. Il a une réputation de bonté.

372 2677 490 73 — Ouais, dit Julie.

370 2758 1864 68 L'infirmière saisit la valise et sortit. Julie prit le sac et la suivit. Les deux

310 2833 1924 64 femmes passèrent par l’extérieur pour rejoindre la tour d’angle. Il faisait

311 2906 1919 64 beau. C’était le printemps. Devant la façade du manoir, Julie regarda la
