2550 3301
1161 607 220 66 DOUZE

372 867 1856 68 Nénesse, le chauffeur, se chargea de cuisiner les deux repas de la journée.

310 940 1920 64 À midi, des steaks grillés aux fines herbes, suivis de fromage. Le soir, des

310 1014 1924 64 sardines frites. Les gangsters avaient avec eux une dizaine de litres de vin

308 1087 1926 62 des Corbières. Ils burent modérément. Thompson s’en tenait à l’eau. Avant

310 1162 1133 59 chaque repas, il avalait deux capsules noires.

370 1234 1866 77 Pendant le déjeuner, Julie redemanda plusieurs fois du vin, et bientôt

311 1307 1923 62 Thompson ne lui laissa plus le temps d’en redemander. Il versait

310 1379 1821 71 libéralement dès que le verre de la jeune fille paraissait près d’être vidé.

370 1459 1864 66 Un petit poste à transistors bourdonnait sur le plancher. Dans le bulletin

310 1533 1302 62 d’informations, on ne parlait ni de Peter, ni de Julie.

368 1613 1862 72 La jeune fille commença à dodeliner. Thompson desservit, jetant les

310 1687 1918 62 assiettes de carton dans un sac plastique. Julie s’allongea sur une couchette.

310 1758 1926 64 Elle avait mal à la tête et au ventre. Elle tenta vaguement de distraire l’enfant

310 1832 1920 60 en jouant au portrait. La voix de Peter jouant était tremblante, il avait les

313 1903 919 68 yeux rouges. Il s’étendit contre Julie.

376 1980 1854 62 — Quand tu lui as jeté ton café, demanda-t-il, tu voulais te sauver avec

308 2053 458 59 moi ou sans moi?

376 2132 502 64 Julie secoua la tête.

377 2213 448 68 — Je ne sais pas.

374 2294 869 62 Peter se serra contre la jeune fille.

376 2369 1183 62 — Je t’aime mieux que Marcelle, chuchota-t-il.

370 2450 1862 73 Le colosse blond avait quitté le chalet d’un pas de flâneur. Julie supposa

306 2521 1928 73 qu’il faisait une ronde, ou bien qu’il montait la garde sur une hauteur. Au

310 2594 1918 66 sommet du flanc gauche de la vallée, un chaos de rochers s’élevait au-dessus

308 2670 1755 60 des arbres, qui pouvait abriter un guetteur et lui permettre de voir loin.

374 2747 1854 64 Nénesse et Bibi jouaient au Cinquante sur le perron de la bâtisse. On les

310 2833 1337 49 entendait compter les points à mi-voix, sans s’exciter.
