2550 3301
370 295 1866 66 Peter regardait Julie avec inquiétude. Il n’osait parler. Ses yeux étaient

308 372 1922 60 humides de larmes retenues, des larmes de pur effroi. La jeune fille lui

308 443 521 61 caressa les cheveux.

368 518 1862 68 La R 16 dépassa le lion de Belfort et piqua vers la porte d’Orléans.

308 594 1928 64 L’avenue du Général-Leclerc était encombrée. La voiture piétinait, dût

310 671 1922 58 stopper à une demi-douzaine de feux rouges. On voyait des agents de la

306 739 1924 62 circulation. Bibi et le colosse blond ne cessaient de jeter alentour de petits

306 810 1928 66 coups d’œil alertes. Bibi avait son pistolet sur les cuisses. Il gardait la main

306 882 1926 64 dessus. Le conducteur mit en marche la radio de bord qui diffusa de la

308 955 1928 62 musique de jazz, de la flûte indienne et une valse viennoise. La R 16 franchit

310 1032 1922 59 la porte d’Orléans, enfila l’entrée de l’autoroute du Sud, sinua dans le tunnel

308 1094 1418 66 et ressortit à l’air libre. Elle accéléra, monta à 120 km/h.

376 1173 1179 72 — Mollo, Nénesse, conseilla le colosse blond.

376 1261 678 57 — Je connais mon métier!

432 1335 1274 69 —T’es jamais à l’abri d’un con qui te rentre dedans.

379 1415 1594 72 — Z’ont pas intérêt. À présent, ta gueule et laisse-moi conduire.

376 1494 1854 66 — Au péage, dit doucement Bibi à Julie, vous serez bien sage, sans quoi

310 1569 669 70 c’est le môme qui déguste.

377 1644 971 72 — Oui, oui, dit Julie. Soyez tranquille.

372 1725 1858 66 Elle respirait la bouche ouverte. Elle était calme, à présent. Elle ne

308 1799 1398 64 croyait pas vraiment à la réalité de ce qu’elle percevait.
