2550 3301
372 295 1862 68 Dehors, il pleuvait à verse, c’était un orage soudain. Coco et Thompson

308 370 1924 64 coururent jusqu’à la R 16. En courant, Thompson renversa la tête en arrière

305 440 1922 74 pour recevoir la pluie dans la bouche. Les deux hommes montèrent à l’avant

308 513 1922 64 de la voiture. Nénesse était assis à l’arrière, une Celtique au bec, un imper

310 588 1920 63 sur l’épaule, un imper qui pendait bizarrement sur sa poitrine, comme une

313 663 132 70 toge.

377 737 1600 64 — Vous êtes blessé? demanda aussitôt Thompson. Où est Bibi?

376 816 1852 62 — Bibi est mort, dit Coco. Nénesse a une balle qui est entrée dans le flanc

308 889 1643 64 et ressortie. C’est pas grave. Mais la fille et le gosse se sont tirés.

374 968 688 75 Voilà pourquoi je souffre!

372 1047 1763 64 — Que s’est-il passé, grands dieux? demanda Thompson à haute voix.

372 1126 1855 75 — C’est la fille, on était en train de la pendre, voilà qu’elle se réveille,

311 1201 1677 64 Bibi la tenait, il a été surpris, elle lui a pris son arme et elle l’a tué.

372 1278 308 71 — Et puis?

370 1360 1864 70 — La fille et le gosse se sauvent. On était pour les rattraper, Nénesse et

308 1432 1922 64 moi, mais il me dit de m’occuper de Bibi, et l’instant d’après j’entends tirer.

308 1505 1922 64 Dans les broussailles, on ne voyait rien, il m’a fallu plusieurs minutes pour

308 1577 1922 64 que je retrouve mon frère. Elle l’avait blessé comme je vous dis. Je savais

308 1644 1926 78 plus du tout où elle était, la fille. J’ai cherché, je vous jure, mais elle avait

310 1720 434 71 pris de l’avance.

377 1799 824 69 — Le gosse était réveillé aussi?

370 1879 1862 64 Coco eut l’air gêné. Il lécha ses grosses lèvres. Sa langue était couverte

308 1951 246 69 d’écume.

374 2026 1856 66 — À moitié, dit-il. Pas complètement. La fille s’est tirée pour ainsi dire

310 2103 352 62 en le traînant.

372 2184 1856 62 — Je ne comprends pas comment c’est possible, dit Thompson. Qu’avez-

311 2250 466 73 vous fait de Bibi?

368 2332 1868 72 — Il était pas mort sur le coup, on a attendu un moment, on regardait si on

308 2406 1924 71 pouvait faire quelque chose, mais il avait le foie traversé. Ça servait à rien

311 2477 1809 64 d’attendre. Nénesse m’a dit de lui faire le coup du lapin et on l’a enterré.

372 2558 374 71 — Sur place?

370 2640 312 64 — Ben oui.

376 2717 1854 72 — Stupide! dit Thompson. La fille n’aura qu’à mener les policiers sur le

308 2791 1919 66 terrain. Ils trouveront la tombe. Ils mettront moins longtemps à la croire.

310 2857 236 77 Stupide!
