2550 3301
310 297 1920 71 dans des étoffes inconcevables. Quels regards! Quels cheveux! Quelles

308 368 1922 75 mâchoires! Quelles jambes! Quel pied! Si seulement je pouvais être

310 443 1922 72 mannequin, pensa Julie. Les pages de Vogue dégoulinaient de pognon. La

308 517 957 68 jeune fille se moucha dans un kleenex.

377 597 731 68 — Hep! fit une voix proche.

374 671 1856 66 Julie sursauta, décroisa les jambes. Elle considéra d’un air hautain le

306 746 1922 73 jeune homme au long nez, souriant, yeux bleus, une épaisse tignasse brune,

308 816 1924 66 qui se penchait vers elle, le journal le Monde, à la main. Il avait l’air d’un

310 891 1920 62 étudiant prolongé avec son caban bleu marine et ses jeans, et ses espadrilles.

308 960 1922 65 Julie ne l’avait pas entendu arriver. Il s’appuyait au dossier du banc pour se

308 1032 680 72 pencher vers la jeune fille.

374 1116 1222 61 — Criez surtout pas, ça vaudra mieux. Regardez.

372 1188 1858 75 Il écarta les plis de son journal. Entre les plis, il tenait un automatique

310 1258 429 75 MAB modèle C.

379 1344 884 69 — C’est un jouet! s’exclama Julie.

370 1424 1858 63 — Ne croyez pas ça. Ne déconnez pas, surtout. On vient prendre le môme.

311 1498 1917 60 Il y a deux autres tireurs autour de vous. Si vous déconnez, vous êtes morte.

310 1566 1918 66 Et les balles perdues, c’est les petits milos qui vont les effacer. Voyez, vous

311 1643 420 60 avez pas intérêt.

376 1718 673 70 — Vous avez l’air sérieux.

374 1795 1860 75 — Je le suis. C’est un kidnapping. Vous allez appeler Peter Hartog sitôt

310 1872 1170 70 que le tour de manège sera fini. Ne traînez pas.

370 1951 1860 64 Julie se démancha le cou à scruter les alentours. Elle ne vit que des

308 2024 801 68 promeneurs d’aspect inoffensif.

374 2103 1858 60 — Ne tentez rien, dit le jeune homme brun d’un ton patient. Qu’est-ce que

313 2176 1919 61 vous avez à gagner? On ne vous fera pas de mal. On va vous relâcher tout à

310 2244 1920 64 l’heure avec une lettre. Hartog paiera. On rendra le môme. Tout le monde

310 2318 1849 62 sera content Tenez, le manège ralentit. Ne traînez pas. Ne réfléchissez pas.

372 2396 1860 68 La sueur graissait la lèvre supérieure du jeune homme. Un tic agita le coin

310 2473 394 72 de sa paupière.

381 2549 1550 64 — Ne vous énervez pas, dit Julie. Je vais être très disciplinée.

376 2631 539 70 Le manège s’arrêtait.

381 2706 1222 72 — Peter! appela la jeune fille. Peter! Viens ici!

374 2791 1179 60 Peter secoua la tête et se cramponna à son lion.

374 2866 1240 71 — Il ne m’obéit pas, dit Julie. Allons le chercher.
