2550 3300
313 305 1923 63 société, par un automatisme logique, frappait. Heureusement que des bommes

308 360 1928 77 comme lui, Goémond, étaient chargés d’huiler le fonctionnement de

310 442 1923 69 l’automatisme logique en question. Il me présenta l’armée comme une sorte

310 519 1926 64 de retraite que je ferais. Retraite au sens curé du mot. J’y pourrais voir en

310 588 1923 69 moi-même. J'y pourrais bien garder mes convictions, ma révolte; l’essentiel

310 662 1926 66 était que j’apprendrais à les conserver au-dedans de moi-même tandis que je

308 717 1928 77 me lancerais dans le jeu social. C’est cela, la sublimation, expliqua

308 794 1931 72 Goémond. Il me laissa entendre que tous les hommes supérieurs agissaient

308 869 1922 68 ainsi en ce qui concerne leurs instincts. Un politicien, un responsable (il

313 951 1920 69 pensait à lui-même) ou un grand artiste étaient comme ça: lucides; décidés

310 1006 1923 91 par lucidité à jouer le jeu. Il me dit qu’il fallait comprendre mon père, d’un

313 1094 1923 66 tel air que je vis qu’il le tenait pour un con. Cela me mit en confiance et je ne

316 1166 1128 66 vis pas qu’il me tenait moi aussi pour un con.

401 1221 1832 79 Il fit entrer le vieux Butron, qui hoqueta des choses que j’aurais trouvées

313 1303 1923 72 intolérables, eussé-je pas été baratiné par Goémond au préalable. Au lieu de

308 1366 1928 80 me braquer, je signai tout ce qu’on voulut. J’avais cru qu’il pouvait exister

310 1438 872 80 une complicité entre un flic et moi.

401 1520 1835 66 Je me retrouvai bientôt à Oran, dans les transmissions. Je ne vis aucun

310 1600 1923 61 combat. Les seuls moments tendus, c’était quand on circulait dans les

308 1663 1925 69 quartiers européens. Les pieds-noirs nous haïssaient. Ils se rendaient compte

310 1740 1929 64 qu’on se foutait pas mal que les bougnouls les épongent. J’eus un accident

313 1798 1917 80 vénérien, mais à peine plus emmerdant que la chtouille à Leroy. Puis,

313 1886 1923 69 pendant un exercice de nuit, un crétin me tira un coup à blanc en pleine

313 1958 1923 63 figure. Je me retrouvai avec des grains de poudre brûlée et des bouts de

308 2013 1928 74 bourre qui avaient été en quelque sorte injectés derrière mon œil. Mon

310 2101 1920 63 coefficient de vision s’effondra. En cas de fatigue, j’étais pis que borgne.

308 2156 1928 82 Comme ma mère faisait plein d’histoires que j’allais me faire tuer tout à fait

313 2230 1920 77 si je restais là-bas, le vieux Butron me pistonna en sens inverse et je me

308 2296 1928 82 retrouvai réformé sur la terre de France. Pendant que je roulais dans le train

310 2373 1538 80 entre Marseille et Paris, ma mère fut broyée par un ascenseur.

404 2461 1832 63 J’allai à son enterrement en arrivant. Je m’y ennuyai énormément. Je

310 2532 1929 64 n’avais jusqu’à présent pas du tout réfléchi à quoi que ce soit, sinon au fait

308 2587 1925 80 que Goémond, avec ses histoires de réfléchir, était une belle ordure. Mais je

316 2675 1923 66 veux dire que je n’avais pas pris parti. Au milieu de l’enterrement, pendant

310 2741 1926 69 un silence, j’eus une impulsion et je fis un prout avec mon trou de balle, puis

305 2816 1928 79 je souris largement aux gens futifs, pour qu’on comprenne bien que j’étais

310 2882 1139 74 l’auteur. Je venais ainsi de choisir mon camp.
