2550 3300
310 305 1926 69 pointus. Visage rond, petit nez, grande bouche, grands yeux bleus avec des

310 376 1926 64 cils pas mal. Elle a une moue méprisante tout à fait toc. J’ai enlevé ma veste

310 451 1926 60 et ma cravate; je déboutonne ma chemise sur mon sternum. Mon torse est

313 519 459 72 glabre mais bruni.

412 580 1194 69 — Pourquoi vous m’avez insulté tout à l’heure?

404 660 1210 68 Elle hausse les épaules. Elle est contente de soi.

412 720 1684 74 — Qu’est-ce que j’ai de particulier ? dis-je. J’ai rien de particulier.

418 792 1317 74 — Justement, dit-elle de plus en plus contente de soi.

415 882 1815 58 — Je ne me pose pas de problèmes, dis-je mensongèrement. C’est peut¬

308 948 1925 66 être ça qui agace les gens. La vie est absurde. Nous n’avons qu’une parcelle

308 1009 1925 77 dérisoire du temps, au regard de l’éternité; aussi, ne nous sacrifions pour

308 1078 1510 79 rien, aimons les bonnes choses. La nourriture, le Beaujolais.

401 1155 1607 77 Je fais une petite pause pour donner plus de force à mes paroles.

397 1223 887 77 — Il faut jouer le jeu, prononcé-je.

409 1309 1109 63 — Le Beaujolais n’est pas un idéal, dit-elle.

402 1372 1834 71 — Il n’y a pas d’idéal, rétorqué-je, le visage dur. Dieu n’existe pas et le

313 1454 658 64 marxisme est une duperie.

404 1509 721 80 Elle sourit d’un air ironique.

412 1584 603 68 — Vous verrez, dit-elle.

409 1661 702 68 — Qu’est-ce que je verrai?

412 1738 1827 77 — Beaucoup de gens sont comme vous à s’imaginer que l’Histoire est

310 1795 1923 77 finie. Mais elle ne l’est pas. Voyez l’Algérie. À bref délai, c’est tout le

313 1875 1920 74 Tiers-Monde qui jettera ses maîtres à la porte. Alors, le capitalismie, privé

310 1958 1923 63 de matières premières, connaüra une surproduction de contradictions et une

310 2029 1351 63 crise économique, et vous comprendrez votre douleur.

386 2101 1030 70 — Après moi le déluge, dis-je finement.

415 2158 1821 72 — Pas après vous ! s’écrie-t-elle. Non! Non! De votre vivant même la

308 2241 1925 66 France se fascise. Dans quelques années, le retour de l’armée vaincue

313 2315 847 66 obligera chacun au choix décisif!

412 2376 762 77 — Je choisis de ne pas choisir.

404 2447 660 77 Et toc. Ça, c’est envoyé...

407 2530 1502 60 — Pauvre con inconscient, chuchote-t-elle dans mon oreille.

404 2604 1832 63 Sa respiration s’est précipitée à la faveur du feu de la discussion. Je lui

308 2673 1928 71 prends la tête dans ma paume. Nous nous regardons durement. Elle me fourre

310 2736 1923 74 sa langue dans la bouche. Je la renverse sur les galets. On frotte. Nous

205 2811 2034 73 sommes tout rouges. Lyse se repointe, sortant de l’eau, comprend
