2550 3300
404 437 1832 82 Ce n’est pas très compliqué de me soumettre Jacquie. Je n’ai qu’à faire

310 541 1926 64 semblant de rien quand je retourne chez elle pour de nouvelles dictées. Elle

308 610 1925 66 attendait une attaque en règle et sans doute avait-elle préparé de cinglantes

308 668 1928 82 répliques, quand je la laisse tartir. Ça la déroute. Ça la vexe. Elle rajeunit du

310 742 1926 77 coup. Prend de l’agressivité. Paume le genre supérieur. La troisième

310 811 1923 80 entrevue, elle est à bout de nerfs. Je l’empoigne. Elle me gifle, griffe ma

313 896 1824 66 figure. Je fais que ricaner. Je lui cogne la gueule. Nous roulons sur le sol.

404 973 1271 63 Je mens. Bon, je mens. Ça ne s’est pas passé ainsi.

404 1042 1829 66 Je n’ai pas besoin de mentir à présent. Ma vie s’est développée et je puis

310 1116 1467 66 être sincère parce que j’ai acquis une grande souveraineté.

426 1190 1810 64 — Cessez vos petites manœuvres ennuyeuses, a dit Jacquie au bout d’un

308 1256 1452 66 certain temps, et voyons si vous êtes plus distrayant au lit.

404 1325 1829 72 Elle me regarde avec ses yeux dont j’ai à présent oublié la couleur, si je

308 1391 398 74 l’ai jamais sue.

404 1468 1832 72 En fait, il n’y avait aucune manœuvre à faire. C’est toujours ma tendance

305 1531 1925 77 à me sous-estimer et à surestimer autrui. Jacquie était parfaitement disposée.

308 1606 1931 77 Certes elle a gardé un petit ricanemient au coin de sa bouche, tout au début

308 1674 1928 77 qu’on s’est connuis, jusqu’à l’étreinte, et il est même revenu certaines fois

310 1765 1929 63 ultérieurement. Elle me regarde comme si j’étais un drôle de bonhomme, et

310 1837 1926 63 c’est certainement vrai que je suis un drôle de bonhomme ; mais elle ne

310 1908 1923 63 m’accorde pas une importance particulière, et c’est là que se révèlent ses

310 1963 1926 88 propres limitations. Car je ne suis peut-être pas fabuleusement original, mais

308 2035 1922 82 je suis plus particulier que Jacquie, qui n’est rien qu’une fillette moderniste,

313 2106 1257 80 figée dans ses concepts figés, une snob de l’esprit.

401 2191 1444 69 Quoi qu’il en soit, nous nous mettons à coucher ensemble.

401 2255 1838 71 Nous ne voyons jamais Anne. Jacquie s’arrange pour qu’elle ne soit

308 2321 1931 93 jamais là quand je viens chez elle. Ca ne me gêne pas. Il faut pas courir deux

308 2392 429 80 morues à la fois.

401 2477 1835 66 Plus tard, Jacquie racontera que c’est que j’étais pas une fréquentation.

308 2538 1922 88 pour sa fille. Permettez que je me marre. Elle voulait bien que je la saute,

310 2623 1887 63 elle, mais pas que je rencontre sa fille, pour des raisons morales, croit-elle.

412 2684 559 79 Vraiment je me marre.

404 2755 1829 74 Un premier texte paraît dans Le Nouvel Informateur. Je constate que

308 2827 1922 82 Jacquie cherche à me faire passer pour un jouet des événements.

1229 299 91 91 13
