2550 3300
310 299 1926 66 Ses pores se dilatent. Oufiri ne porte pas de jugement sur le chef des

313 376 1923 64 services secrets. Malgré l’indépendance politique du pays, les Blanches

310 448 1926 63 demeurent désirables irrépressiblement, c’est vrai. Il y a un complexe de

310 508 1926 75 colonisé, enfoui, que nous subissons tous à divers niveaux, pense le

313 591 1144 66 maréchal, mais généralement dans le caleçon.

462 662 1323 66 - Allume-la-moi, commande-t-il de façon débonnaire.

398 731 1838 63 (Jumbo allume la pipe avec son Dupont. Lodeur parente de celle de

305 805 1928 66 l’eucalyptus, mais beaucoup plus appétissante, se répand en même temps que

305 874 1928 66 des écharpes de funée bleue. Jumbo passe la pipe au maréchal, ainsi que le

310 937 1929 75 2 Dupont, car la matière tire mal, il arrive que la pipe s’éteigne, c’est

310 1023 883 63 d’ailleurs un plaisir de la rallumer.

404 1078 1829 79 Oufiri fait un petit signe de tête signifiant à Jumbo qu’il a quartier libre.

310 1160 1923 72 Le colonel quitte respectueusement la pièce. Oufiri l’entend marcher dans le

310 1229 1923 71 ball et grimper à l’étage. Jumbo s’est encore acheté des chaussures qui

310 1311 1920 64 couinent. Il a une prédilection pour le cuir verni, mais il est un peu avare.

310 1375 1918 71 (Ses chaussures sont toujours rutilantes ; toujours elles couinent. Sale Nègre,

310 1441 1819 88 pense le maréchal en refermant ses grosses lèvres sur le tuyau de la pipe.

401 1512 176 74 Il tète.

404 1589 1832 72 Il reste derrière le bureau pendant un moment. La fupée lui réchauffe

308 1663 1925 66 tranquillement les bronches. Oufiri s’interdit les drogues fortes. L’alcool, le

308 1729 1925 77 chanvre, il aime bien, ce ne sont pour son corps puissant que des excitations.

310 1801 1926 77 mineures, qui n’atténuent pas ses facultés de raisonnement, sa vision

310 1870 1519 88 politique, sa sensibilité consciente et sa motricité volontaire.

401 1955 1832 66 Il pose la pipe sur le bord du cendrier et va dans le hall pour un instant.

310 2021 1920 71 Un des types qui sont en protection a conplètement démonté sa mitraillette.

308 2084 1925 77 Oufiri secoue la tête avec de petits clappements de langue, d’un air¬

308 2158 412 80 désapprobateur.

401 2241 1827 69 Le type commence vivement à remonter son arme, d’un air de chien battu.

506 2304 1727 77 Ne pas me déranger jusqu’à nouvel ordre, énonce Oufiri avec

310 2387 1068 71 précaution, car il sent sa langue s’enppâter.

409 2442 1827 77 Ta grosse langue violette, a l’habitude de dire Josyane. Absurde. Sa

310 2524 1926 72 langue est rose, non pas violette ; et pas spécialement grosse. Pétasse

310 2596 1843 71 blanche. Oufiri regagne son bureau, ferme sa porte, rigole tout doucement.

401 2673 1835 66 La pipe est éteinte sur le bord du cendrier. Avant de la récupérer et de la

310 2747 930 66 rallumer, le maréchal se met à l’aise.

404 2805 1832 77 Il enlève la veste de son costume italien, et déboucle la bretelle

286 2882 1942 74 mexicaine qu’il continue à avoir l’habitude de porter, même à présent qu’il
