2550 3300
308 299 1925 66 Curieusement, je ne ressens nulle rancœur. Ça lui ressemble. Et moi, qu’ai-je

310 371 842 69 à foutre, du moment que ca paie ?

401 431 1538 80 Jacquie est surprise que je lui dise que c’est bien, son article.

404 522 1832 63 On monte un autre coup, une version plus étoffée de la même chose, avec.

305 588 1928 69 des notations plus intellectuelles, pour Contemporanéité, la revue mensuelle

308 649 352 77 de Hourgnon.

401 728 1832 66 On monte à Paris une fois, pour en causer avec la rédaction du mensuel.

305 792 1928 79 J’étais jamais allé à Paris, chose bizarre, c’est seulement à ce moment-là que

305 860 1931 91 je m’en rends compte. Je visite la ville. Jacquie est blasée. On va au

313 940 1920 74 Trocadéro, pour le musée de la Marine et le nuisée de l’Home et au palais

308 1017 1870 66 de la Découverte. Jacquie, elle abandonne en chemin, elle s’emmerde trop.

401 1091 1835 66 Moi, je suis fasciné, je le dis. Tout ce que la civilisation a produit. C’est

310 1155 1926 74 impressionnant de richesse, et par contrecoup, la pauvreté de l’existence est

310 1232 1926 71 impressionnante aussi. Quand je dis pauvreté de l’existence, je ne parle pas

308 1292 1925 80 des marchandises. J’ai tout ce que je veux, moi par exemple, en fait de

313 1361 1920 82 voiture, machine à laver la vaisselle, etc. Ou du moins, j’ai ce qu’il me faut.

313 1443 1923 75 Une découverte pour draguer, et de l’électroménager pour les petits travaux

310 1526 1920 66 quand par hasard j’ai lieu de bouffer chez moi. Par pauvreté de l’existence,

305 1589 1931 83 je veux dire le point auquel on s’emmerde. C’est extraordinaire, le point où

308 1658 382 74 on s’emnerde.

401 1724 1832 80 Bref, Jacquie abandonne. Elle s’en va aux Champs-Élysées, voir des

310 1798 1923 85 gens. Je reste à examiner des pointes de flèches préhistoriques, puis ce

308 1881 1925 66 circuit marrant ; on lance une sorte de cercle avec des rails, sur lesquels se

313 1944 1923 74 trouve une petite locomotive. Au début, la loco reste en arrière du

308 2024 1928 63 mouvement. Puis, à cause de l’adhérence, elle prend de la vitesse et elle

310 2087 1926 77 tourne comme les rails. Puis le cercle de rails s’arrête, mais la loco, elle a

308 2153 1928 91 pris de l’élan, elle contirue à rouler sur les rails devenus fixes. Je me

310 2233 1929 74 rappelle absolument pas la démonstration de quel principe c’est, cet

308 2312 1928 69 appareil, mais je me rappelle combien je trouvais la chose bidonnante. Je me.

310 2384 1923 69 lasse difficilement de la faire fonctionner. Je m’en vais seulement quand de

313 2444 1923 88 grandes masses de peuple sont agglutinées, attendant pour faire marcher

313 2524 603 72 l’expérience à leur tour.

404 2596 1832 71 Ensuite, je vais au Planétarium et j’écoute une conférence avec les

310 2675 1923 66 étoiles qui bougent dans le noir au plafond, Je suis peut-être pas heureux,

310 2744 1923 72 mais en paix sûrement. J’attends pas que ça finisse, ça peut continuer aussi

167 2810 779 77 longtemps qu’ils veulent.
