2550 3300
308 299 1928 66 est ministre. Le flingue a changé depuis les premiers temps. Tout au début,

305 357 1934 83 c’était un brave P38. A présent, le maréchal s’intéresse beaucoup plus au

308 448 1931 63 côté décoratif de l’arme. C’est pourquoi il porte une réplique du Colt

310 511 1926 74 2 Peacemaker calibre 45 du célèbre shérif Wyatt Earp, avec un très long

308 588 1931 63 canon, une crosse en noyer, et un extracteur collectif qui est une hérésie du.

308 660 1378 77 point de vue historique, mais une hérésie bien pratique.

401 717 1832 80 Le Colt. Oufiri le glisse sous le coussin du divan. La bretelle mexicaine.

308 803 1928 68 il la pose sur le divan. Il desserre sa cravate, s’étire, remet sa pipe entre ses

308 880 1928 63 dents et la rallume. Il inspire profondément. Au dernier moment avant de

308 946 1928 66 s’allonger, il reprend le petit magnétophone et il l’emporte avec lui sur le

308 1023 1447 63 divan. Butron l’amise. Il ne sait pas exactement pourquoi.

401 1091 1835 66 Il s’étend et il écoute la bande d’une oreille distraite, heureux de sentir.

310 1168 1926 61 ses muscles se détendre, son esprit s’apaiser. La perception qu’il a des¬

310 1240 1926 63 choses demeure, mais elle perd tout caractère d’urgence et acquiert une.

310 1311 683 64 connotation nettement gaie.

404 1380 1835 66 1 Ainsi, par exemple, lorsque le maréchal entend, avec une acuité auditive

308 1438 1928 80 nouvelle, grincer un somuier, au-dessus, il sourit béatemient. Il se représente.

310 1518 1931 71 nle colonel Jumbo, tout nu, ayant perdu toute dignité, les fossettes qu’il a aux.

310 1597 1926 64 fesses emplies de sueur, et qui besogne Josyane. Tant d’efforts pour si peu de.

310 1669 1929 66 choses. La face d’Oufiri est entièrement étirée dans le sens latéral par la.

308 1727 1928 88 joie. Jumbo est un Nègre stupide, pense le maréchal. Il écoute la pièce

313 1815 955 66 S’emplir de ses propres éclats de rire.
