2550 3300
404 299 1832 69 Mais ça finit, donc je vais ailleurs ; je traverse le fleuve et je grimpe à la

313 360 1923 77 Tour Eiffel par les escaliers, Je me presse pas. Je me sens vachemient

313 434 1923 77 bonasse. Je me paie un gueuleton là-haut. Oue diable, j’ai du pèze. Les

313 511 1923 74 loufiats sont très lents dans ce restaurant, on a beau les appeler en criant de

313 591 996 66 toutes ses forces, ils se pressent jamais.

404 651 1832 83 Le ventre plein, je file au rendez-vous qu’on a à 16 heures à

308 728 470 66 Contemporanéité.

401 789 1832 80 Hourgnon, je l’ai vu cinq minutes, pas pour affaires, mais dans

313 869 1923 74 l’antichambre, Jacquie l’a chopé par les basques, qu’on a causé deux trois

308 935 1925 79 minutes. Il a une sale tête, voilà ce que je dis. Au point qu’on comprend pas.

313 1023 1920 63 très bien la grande faveur qu’il jouit auprès des collégiennes. Parce que

308 1080 1928 86 pardon ! The Maître à Penser ! Les pensionnaires dévorant ses livres en

310 1166 1929 66 cachette. Grosse influence sur la jeunesse. Tout le temps cité dans le navrant

308 1221 1931 79 questionnaire de l’Ommibus à la mère Biniou ; en tant que l’écrivain qui avait

313 1309 1923 66 foutre-ment marqué à pas loin de cinquante pour cent la jeunesse de la

308 1366 1928 77 nation. Avec ca, imaginez le même déclarant que le socialisme malien est

310 1454 1923 64 conditionné par le fait que le Mali n’a pas de débouché sur la mer. Mais

313 1526 765 63 quand même il faisait pas rire.

412 1584 1821 77 Tout juste s’il me tapote pas la joue d’entrée de jeu, puis Jacquie lui

308 1666 1925 69 touche un mot de ce que je suis, elle le tutoyait, il me jauge alors, me mesure

308 1732 1922 72 d’un regard pénétrant comme un morceau de savon, je sens les sinus qui

308 1809 1925 69 cliquettent sous son crâne. Il est bien sûr qu’avec le temps, moi, rebelle sans

308 1881 1925 71 cause, je vais prendre conscience, comme il dit. Il essaie de m’en toucher un

310 1958 1926 63 mot. Je ne comprends rien à ce qu’il dit, d’ailleurs ca ne m’intéresse pas et

308 2029 1922 69 je foire bruyamment dans l’espoir qu’il va me coller sa main sur la gueule,

310 2101 1923 63 qu’on rigole un peu, mais non, il s’en va secouant la tête d’un air entendu

308 2172 1928 63 Jacquie est outrée à mon sujet, bien sûr, mais n’ose pas m’engueuler en

308 2230 1928 88 présence du membre du « Comité de rédaction », je te demande un peu, qui à

310 2312 1926 77 présent cause avec nous. Lui-même semble se hâter tant qu’il peut d’en avoir

313 2387 1923 63 fini avec nous. Je prends donc plaisir à nous retarder. Je lui fais des

308 2442 1931 79 remarques. Que je schlingue sévère. Qu’il a l’air juif. Il fait exactement

308 2516 685 80 conune si je n’existais pas.

404 2596 1832 71 Il est quand même obligé de me jeter des coups d’œil de côté quand on

308 2673 1928 63 en vient à parler pognon, parce que je n’ai aucune intention de me faire

310 2750 1929 63 entuber et je menace d’aller fourguer mes narrations ailleurs, s’ils raquent

308 2805 1925 88 pas. Chose que je songe à faire de toute facon. Suffirait de modifier un peu.

224 2873 2012 96 C’est une idée qui a fait son chemin dans ma tête. Si je suis ici ce soir à suer.
