2550 3300
310 310 1926 64 immobile, les yeux égarés, conservant son mouchoir serré dans sa

313 382 889 66 main qui tremblait légèrement.

396 440 1273 82 Luce le regarda d’un air de souverain mépris.

390 517 1843 82 À la ville, Brisorgueil était bel homme. Il faisait coiffer trois fois

310 594 1926 85 par semaine sa chevelure aile de corbeau. Elle allait bien avec sa

313 684 1923 69 peau mate, son nez prédateur et sa bouche mince. Son visage sec

310 739 1923 83 n’était pas d’un gigolo. Luce avait été surprise qu’il voulût devenir

310 822 1923 77 son amant car, malgré les massages quotidiens et les agrafes

308 891 1925 79 annuelles qui lui retendaient la peau, elle n’avait plus depuis

310 970 1612 88 plusieurs années que les faveurs des jeunes gens vénaux.

396 1039 1840 85 Brisorgueil avait donc été un cadeau du ciel. Mais les cadeaux du

308 1116 1925 83 ciel ne durent jamais bien longtemps, c’était une des maximes de

313 1199 1920 74 Luce. À présent, son avocat l’ennuyait. Le paysage de pierres sèches

310 1281 1923 69 et de terre brûlée lui enlevait sa prestance. Il avait l’air déplacé, dans

308 1342 1719 79 sa chemise de crêpe parme, et ses cheveux étaient trop longs.

409 1419 1824 79 — Ah ! Bon, fit Brisorgueil en regardant alternativement le

310 1490 952 83 tableau perforé et Gros. Ah ! Bon.

398 1575 584 75 Il avait l’air dérouté.

396 1644 1837 80 Gros baissa la tête, nerveusement, il se dandina ; sa grosse

308 1724 1920 74 langue lécha sa lèvre supérieure ; il posa l’arme de Luce, un Luger¬

310 1793 1923 90 Erma, sur une grosse pierre, et s’en alla vers l’échelle d’une

310 1883 743 66 démarche d’hippopotame.

396 1947 1270 74 Luce pinça ses lèvres refermées sur le cigare.

404 2032 1785 66 — Monsieur n’aime pas les coups de feu avant le petit-déjeuner.

396 2090 874 85 Brisorgueil haussa les épaules.

401 2167 718 77 — J’ai cru je ne sais quoi.

398 2241 993 82 Il s’en alla à son tour vers l’échelle.

390 2326 1846 72 A présent, Luce regrettait de l’avoir invité. Mais si Brisorgueil

308 2392 1925 77 n’était pas venu, il n’aurait pas amené ses amis. Et cela, Luce

308 2466 902 83 l’aurait regretté bien davantage.

396 2541 1840 79 Depuis dix ans qu’elle possède entièrement ce hameau

308 2615 1925 82 abandonné et complètement en ruines, dans le département du

308 2700 1105 72 Gard, Luce a l’habitude d’y passer l’été.

396 2772 1837 74 Elle a fait de ces ruines un décor, en les parsemant de hamacs, de

310 2857 1923 66 souches aux formes fantasmagoriques, de vieux chevaux de bois de

289 2915 1944 88 manège, de quelques autres objets encore, bricolés par elle, comme
