2550 3300
1636 758 608 83 Vendredi 16 juillet

1796 955 437 81 10 heures 15

396 1157 1843 80 La balle de 22 fit un petit trou dans la toile. La détonation ne fut

308 1226 1925 88 guère plus impressionnante que le claquement d’un fouet. Une

308 1303 1922 88 corneille protesta dans la vallée. Luce éclata d’un petit rire rouillé,

313 1397 1023 66 assez analogue au cri de la corneille.

396 1457 792 80 Gros sourit avec suffisance.

407 1531 1680 80 — Je peux les mettre où je veux, fit-il. Je fais un autre trou ?

396 1606 630 82 Luce examina la toile.

398 1680 1838 82 Elle l’avait peinte la veille, en cinq ou six heures. Autrefois, ça lui

308 1771 1928 66 aurait pris beaucoup plus de temps. Des mois, probablement. Mais

308 1828 1925 83 autrefois, elle croyait que l’Art existait, et qu’elle-même avait du

313 1905 198 83 talent.

398 1980 1445 82 Elle agita avec désinvolture son Upmann du matin.

404 2057 1829 77 — Vas-y à ta guise. Tout le chargeur. À ta guise. Fais ce que tu

308 2128 1628 83 sens. C’est la spontanéité qui fait la valeur d’une création.

401 2202 718 80 — Quoi ? Demanda Gros.

404 2279 1469 77 — Tire, tire ; t’occupes pas de ce que je raconte. Tire.

390 2354 1849 79 Gros hocha la tête avec satisfaction et tira une balle dans chacun

308 2428 1931 82 des quatre coins de la toile. Luce fit la moue. Elle n’aimait pas la

310 2508 278 82 symétrie.

409 2596 839 63 — Qu’est-ce que vous foutez ?

393 2653 1840 77 La voix de Brisorgueil était un tantinet hachée par

308 2728 1925 85 l’essoufflement. L’avocat avait dû monter quatre à quatre l’échelle

310 2805 1926 82 qui donnait accès à la terrasse. Comme il faisait déjà chaud, il lui

310 2893 1926 71 fallut éponger son visage moite de transpiration. Puis, il demeura
