2550 3300
310 308 1923 66 policier militaire supérieur. On s’étonnera moins de le voir, dans les

308 371 1922 69 dernières années de sa vie, terrorisé et ne laissant entrer chez lui personne,

308 429 1922 82 ni cultivateur, ni serviteur, de peur qu’il pût s’agir d’un agent de la C.l A.,

308 506 1925 77 ou du gouvernement dominicain, ou d’une quelconque organisation de

308 580 1922 74 révolutionnaires dominicains exilés. Au vrai, Alonso vieillissait. Lorsqu’il

313 649 1917 79 vint s’installer en France à peu de distance de Magny-en-Vexin, il était brisé.

313 731 1920 66 Suffisamment en tout cas pour décider de ne plus bouger. Souvenons-nous

308 789 1925 80 d’ailleurs qu’il s’agit d’un homme qui, comme la veuve d’un condamné

308 871 1925 69 refusait de croire à la mort de son mari, lui avait fait envoyer par colis postal

308 943 1925 69 la tête du mort, avec quelque chose entre les dents. Et convenons que si ses

313 1023 1342 63 craintes n’étaient pas raisonnables, leur racine l’était.

404 1089 1832 68 Il avait même interdit au facteur d’entrer. Le préposé déposait le rare

310 1166 1923 66 courrier dans une boîte au bord de la route, à la grille de la propriété. Des

313 1237 1923 63 fois qu’il aurait voulu passer outre, et à toutes autres fins uiles, Alonso

313 1309 1370 66 entretenait un chien de combat, une femelle bullmastiff.

401 1377 1835 64 Ainsi les terres autour de la demeure n’étaient pas travaillées et ne

310 1454 1923 66 produisaient rien, et l’intérieur de la demeure allait à l’abandon, faute de

310 1520 1920 80 personnel. Les paysans alentour grognaient de voir cette terre improductive.

313 1581 1917 82 Ils parlèrent plusieurs fois de manifester à ce sujet. Ils auraient sûremient fini

313 1669 1348 69 par se décider. La mort d’Alonso a résolu la question.

404 1743 1829 69 Auparavant, dans les derniers temps de sa vie, Alonso cessait vers cinq

308 1798 1928 77 ou six heures du matin d’essayer de dormir. Il quittait son lit froissé et sa

308 1878 1925 69 chambre à l’étage. Dans la grande cuisine, il se confectionnait un breakfast à

313 1938 1923 80 l’anglaise, composé d’un jus de fruit, d’une assiettée de céréales au lait, et

310 2029 1929 63 d’un plat chaud, accompagné de thé fort et parachevé de toasts qu’il fendait

313 2103 1920 61 en deux, triangulairement, avant de les recouvrir d’une couche mince de

313 2164 1505 74 beurre et d’une pellicule de miel ou de mrmelade d’orange.

404 2233 1835 74 Après ce petit déjeurer, Alonso revêtait un survêtement et courait

313 2307 1923 74 longuement en petites foulées à travers sa propriété, sur la terre envahie de

310 2389 1923 64 mauvaises herbes, en compagnie de la chienne bullmastiff'nommée Elizabeth.

313 2450 1923 74 Puis il regagnait sa demeure et n’en bougeait plus de la journée, sauf pour

310 2532 1926 64 répondre au coup de sonnette des fournisseurs. Alors il observait la grille à

313 2604 1920 63 travers une fenêtre du rez-de-chaussée, avec des jumelles très puissantes.

310 2673 1923 66 Satisfait, il sortait de la maison et gagnait la grille, armé d’un Colt Officer's

319 2733 1917 77 Target calibre. 38 long. Il prenait livraison des denrées qu’on lui avait

310 2821 1929 63 apportées. Il ne tolérait pas que le livreur pénétrât dans la propriété et

311 2876 1922 88 portait lui-même les denrées jusqu’à la maison. Il s’agissait parfois de
