2550 3300
313 305 1920 63 sauf les perverses sadiques. Mais, les perverses sadiques, il les chassait dès

308 357 1928 83 qu'il sentait qu'elles prenaient plaisir à le battre. Il disait qu'elles le

310 448 322 63 dégoûtaient.

404 511 1826 74 L'autre type était un quadragénaire au front dégarni, un peu prognathe,

305 574 1928 77 (avec de grandes dents et des mèches de cheveux secs d'un blanc livide. Ce

313 660 1920 66 type-ci avait une grande cicatrice à la gorge, en travers, en arc de cercle, très

310 726 1926 68 impressionnante. Il avait pris l'habitude de rabattre son menton contre son

310 805 1926 66 cou pour cacher cette cicatrice. Il était grand et dégingandé, et cette façon de

310 871 1926 69 tenir la tête lui donnait un maintien bizarre. Ces deux types aussi ont tué un

308 948 1925 61 tas de gens, mais il n’y a pas de commune mesure entre eux et Georges

310 1020 1926 66 Gerfaut, et ils ne ressemblaient pas non plus à Alonso. C'était leur second

308 1078 1925 79 métier de tuer des gens. Auparavant, le plus jeune avait travaillé dans

310 1160 1923 72 l’hôtellerie comme serveur, puis réceptionniste trilingue. Et l’autre avait été

310 1223 1923 77 soldat de fortune. Georges Gerfaut est cadre compercial. Son métier est de

313 1292 1920 83 vendre à des particuliers et des collectivités, en différents endroits de France

310 1383 1926 63 et d'Europe, les coûteux matériels électriques que fabrique sa boîte, une

310 1449 1926 63 filiale du groupe l. T. T., et dont il connaît le fonctionnement car il est

310 1523 1923 66 ingénieur. Et le métier d’Alonso était la guerre. Il était officier de l’armée

308 1581 1922 80 dominicaine. Il faisait partie du S. l. M., le service d’investigation militaire.

313 1661 1923 74 Les meilleures années de sa vie, ce furent les années 55-60, qu'il passa à la

310 1732 1926 74 base aérienne de San Isidro. Il n'y faisait pas la guerre. Le seul Etat à quoi la

310 1815 1926 63 république dominicaine pourrait commodément faire la guerre, c'est la

308 1870 1925 79 république d'Haïti, parce qu'elle se trouve sur la même île que la république

310 1955 1923 66 dominicaine. Tous les autres pays sont séparés de la république dominicaine

310 2029 1926 63 au moins par une grande étendue d’eau. Mais il n’y avait pas non plus de

313 2087 1923 82 guerre avec Haïti. Alonso s'en trouvait bien. A la base aérienne de San

313 2158 1923 77 Isidro, de concert avec son collègue et ami Elias Wessin y Wessin

308 2241 1925 69 (commandant de la base et promis à un destin un peu historique quoique très

308 2293 1925 85 médiocre) il envoyait les avions de la force aérienne domnicaine jusqu’à

308 2376 1925 74 Porto-Rico, d’où les avions rapportaient des alcools et d’autres denrées sans

310 2444 1920 88 payer de droits de douane. Alonso et Elias vivaient comune des coqs en pâte.

310 2527 1918 69 Et ils étaient intouchables. Car s'il n’y avait pas la guerre étrangère à Saint-

310 2598 1923 66 Domingue comme dans beaucoup d’endroits, il y avait comme partout la

310 2659 1923 88 guerre sociale, et la fonction principale de l’armée domuinicaine était comme

313 2750 1923 68 partout de gagner la guerre sociale chaque fois que le besoin s'en faisait

313 2821 1926 63 sentir. Les tâches de renseignement du S. I. M., dans cette optique, étaient

304 2876 1929 78 essentielles. On amenait régulièrement à San Isidro des personnes
