2550 3300
1292 503 55 88 3

404 750 1832 69 Dans sa Mercedes, Georges Gerfaut roulait sur la route nationale 19, il

313 814 1920 77 venait de passer Vendeuvre et se dirigeait vers Troyes, en pleine nuit, les

308 882 1925 80 deux diffuseurs diffusant du Jobn Lewis, du Gerry Mulligan et du Shorty

310 959 1929 77 Rogers. A gauche et à droite, les ténèbres étaient comme une murraille et

310 1028 1731 80 elles défilaient à 130 kilomètres/heure. C'est alors que la DS doubla.

401 1100 1838 79 Elle s'était annoncée à peine, un coup de phares au dernier instant et

308 1174 1925 77 aussitôt elle sauta la Mercedes dans un virage masqué, tangua un peu en se

308 1256 1928 69 rabattant sec et disparut dans la courbe suivante en moins de temps qu'il n'en

313 1331 982 66 faut à Gerfaut pour murmurer ah le con.

401 1391 1840 74 Dix minutes plus tard il la revit. Entre-temps il ne s’était rien passé sauf

308 1457 1925 83 que Gerfaut avait doublé une vieille camionnette Peugeot à l'éclairage

308 1545 1925 63 insuffisant et s'était lui-même fait doubler par un petit bolide écarlate

308 1603 1925 88 probablement italien. Puis rien. Puis là maintenant, soudain, ses phares

308 1685 1931 66 accrochaient quelque chose au bord de l'obscurité. En même temps Gerfaut

313 1757 1923 69 vit des feux arrière imobiles sur la route; il leva le pied; les feux arrière

310 1831 1923 69 se mirent en mouvement et furent littéralement aspirés par la nuit (mais peut-

308 1900 1922 71 être n'étaient-ils pas du tout immobiles initialement; illusion d’optique peut-

308 1974 1925 66 être). La DS en tout cas était immobile et hors de la chaussée, une aile dans

308 2043 1928 66 le fossé, l’autre toute pliée et boursouflée contre le tronc d’un arbre, une

310 2114 1923 83 portière arrachée, projetée dix ou douze mètres plus loin, reposant moitié sur

308 2189 1931 68 la chaussée, moitié sur l’herbe de l’accotement, vitre pulvérisée — Gerfaut

316 2268 1917 64 vit tout ça d'un coup tandis que la Mercedes, sur son erre, longeait l'épave,

310 2329 1926 74 la dépassait, dépassait la portière arrachée, le compteur de vitesse de la

310 2400 1923 75 Mercedes indiquant encore 80 et Gerfaut fut tenté d’accélérer derechef; ce

308 2466 1931 77 qui le retint, davantage que le sens des convenances ou un impératif

308 2549 1925 69 catégorique, c'est l’idée que les gens de la DS sont sans doute là dans le noir

310 2623 1920 66 et peut-être relèvent ton numéro, non-assistance à personne en danger,

310 2695 1923 66 Gerfaut freina, pas brusquement, avec un certain manque de conviction, il

310 2763 1299 69 s'immobilisa quatre-vingts ou cent mètres plus loin.

404 2835 1832 71 Là-bas des feux arrière (le bolide italien? une Lancia Beta Berline

316 2904 1923 74 1800 ?) achevaient de disparaître dans la nuit. Gerfaut regarda anxieusement
