2550 3300
404 302 1835 66 Gerfaut avait alors pénétré de quatre ou cinq mètres dans le hall, et il se

308 363 1928 77 trouvait près de la porte latérale ouverte sur la pièce de réception. Le couple

310 445 1926 66 âgé et l'Algérien n’avaient pas bougé. Le type de trente ans sans cravate

308 503 1928 80 s’était approché du comptoir de réception. Il avait une fiche devant lui et un

308 574 1810 83 crayon à bille à la main et il parlait avec volubilité à une fille en blouse.

429 649 1796 79 — Je ne la connais pas, disait-il. Je l’ai trouvée sur mon paillasson, j’ai

310 726 1926 74 bien vu qu’elle a avalé des trucs, je pouvais pas la laisser comme ca là, je

308 808 1928 61 l'ai amenée dans ma voiture mais je ne sais pas qui c'est, je ne la connais

310 880 1923 71 pas, je ne sais même pas son nom, moi, c'est pas parce qu'elle est venue se

310 937 875 77 suicider sur mon paillasson, hein?

404 1014 971 72 De la sueur coulait sur son front blanc.

398 1080 1838 77 Gerfaut sortit une Gitane-filtre, revient sur ses pas lentement, comme si

308 1168 1931 61 de rien n'était, son œil vaguement braqué vers le sol. Il se donnait la

310 1237 1926 66 contenance du mec préoccupé qui sort distraitement, juste histoire de fumer

310 1300 1923 72 une tige. Ce n'était pas la peine; personne ne faisait attention à lui. Quand il

310 1366 1929 77 fut dehors, il remonta dans sa voiture et s’en alla vivement. Au bout d’un

308 1452 1931 66 moment, un interne et un gendarme tête nue surgirent avec agitation dans la

308 1512 1931 88 pièce de réception et demandèrent à grand bruit où était la personne qui avait

308 1581 687 80 amené le blessé par balles.
