2550 3300
1298 541 49 53 2

404 759 1829 63 Alonso Emerich y Emerich était aussi quelqu’un qui a tué des hommes,

308 825 1928 63 en beaucoup plus grand nombre que Georges Gerfaut. Il n’y a pas de

310 902 1923 63 commune mesure entre Georges et Alonso. Alonso était né dans les années

316 959 1920 77 vingt en république dominicaine. Le redoublement de son patronyme

313 1045 1923 71 germanique nous indique, comme pour son ami et proche conpagnon d'armes

308 1097 1925 85 le général Elias Wessin y Wessin, que sa famille appartenait à l'élite blanche

308 1185 1928 63 de l'île et entendait le marquer par ce redoublement, entendait signaler la

310 1256 1920 77 pureté de son sang, indemme de tout croisement avec des races inférieures,

310 1325 773 69 indienne, juive, nègre ou autre.

404 1397 1837 68 Dans les derniers temps de sa vie, Alonso était un quinquagénaire au

310 1463 1923 77 teint brun, au corps dodu, aux tempes teintes, qui habitait une grosse ferme

308 1534 1928 74 dans une très vaste propriété, à Vilneuil qui est un hameau situé à trente

308 1611 1922 72 kilomètres de Magny-en-Vexin en France. Dans les derniers temps de sa vie,

310 1691 1926 66 Alonso se faisait appeler Taylor. Le courrier qu'il recevait, qui était très peu

310 1762 1923 66 abondant, était adressé à Monsieur Taylor, ou parfois au Colonel Taylor.

308 1831 1928 69 Auprès des fournisseurs et des voisins, il passait pour un nord-américain ou

313 1905 1926 72 peut-être un britannique qui avait longtemps vécu aux colonies où il avait fait

313 1980 630 63 fortune par le commerce.

401 2040 1835 72 En fait, Alonso était très riche mais menait une existence misérable. Il

313 2117 1923 66 vivait absolument seul. Il avait peur. Personne ne travaillait la terre de sa

313 2180 1920 77 vaste propriété, et il n'y avait pas de domestiques dans la demeure, parce

310 2260 1920 72 qu'Alonso ne voulait laisser entrer personne. Les seules personnes qu'il

310 2332 1923 71 laissait entrer, durant la brève période qu'il a passée ici et qui constitue les

308 2406 1928 66 derniers temps de sa vie, c'étaient deux tvpes au vocabulaire très limité et

310 2466 1926 88 précis, en complet sombre, qui circulaient dans une Lancia Beta Berline

316 2552 1920 66 1800 écarlate, ce qui n’est pas discret et ne leur ressemble pas. L'un des

310 2626 1926 63 deux types était plus petit et plus jeune que l'autre, avec des cheveux noirs

308 2681 1928 82 ondulés et des yeux d’un très joli bleu. Il plaisait aux femes. Au bout d’un

308 2752 1925 80 moment, elles découvraient que la seule chose qui l'intéressait chez les

310 2824 1929 80 femmes, c'était qu’elles le battent. Lui, il ne les battait pas, et il ne voulait

310 2909 1920 72 absolument pas les pénétrer non plus. Alors les femmes rompaient avec lui,
