2550 3300
1295 618 52 86 1

401 866 1838 69 Et il arrivait parfois ce qui arrive à présent: Georges Gerfaut est en train

305 924 1925 79 de rouler sur le boulevard périphérique extérieur. Il y est entré porte d’Ivry.

313 1003 1923 75 Il est deux heures et demie ou peut-être trois heures un quart du matin. Une

313 1083 1926 66 section du périphérique intérieur est fermée pour nettoyage et sur le reste du

308 1138 1925 91 périphérique intérieur la circulation est quasi nulle. Sur le périphérique

310 1229 1926 63 extérieur, il y a peut-être deux ou trois ou au maximimn quatre véhicules par

308 1298 1928 66 kilomètre. Quelques-uns sont des camions dont plusieurs sont extrêmement

313 1364 1923 74 lents. Les autres véhicules sont des voitures particulières qui roulent toutes à

310 1427 1929 88 grande vitesse, bien au-delà de la limite légale. Plusieurs conducteurs sont

308 1512 1928 66 ivres. C'est le cas de Georges Gerfaut. Il a bu cinq verres de bourbon 4

310 1581 1929 71 Roses. D'autre part il a absorbé, voici environ trois heures de temps, deux

308 1652 1925 69 comprimés d’un barbiturique puissant. L'ensemble n'a pas provoqué chez lui

308 1724 1928 66 le sommeil, mais une euphorie tendue qui menace à chaque instant de se

308 1790 1931 74 changer en colère ou bien en une espèce de mélancolie vaguement

313 1875 1920 63 tchékhovienne et principalement amère qui n’est pas un sentiment très

316 1947 1477 66 valeureux ni intéressant. Georges Gerfaut roule à 145 km/h.

404 2021 1835 63 Georges Gerfaut est un homme de moins de quarante ans. Sa voiture est

308 2076 1925 77 une Mercedes gris acier. Le cuir des sièges est acajou, et de même

308 2145 1928 82 l’ensemble des décorations intérieures de l’automobile. L’intérieur de

308 2222 1925 77 Georges Gerfaut est sombre et confus, on y distingue vaguement des idées de

310 2293 1923 85 gauche. Au tableau de bord de la voiture, au-dessus des cadrans, se voit une

308 2362 1928 88 petite plaque métallique mate où sont gravés le rom de Georges, son

308 2436 1931 77 adresse, son groupe sanguin et une représentation merdeuse de saint

310 2524 1926 63 Christophe. Par le truchement de deux diffuseurs — un sous le tableau de

310 2585 1929 74 bord, un sur la plage — arrière un lecteur de cassettes diffuse à bas niveau du

308 2648 1931 88 jazz de style West-Coast: du Gerry Mulligan, du Jimmy Giuffre, du Bud

313 2736 1923 66 Shank, du Chico Hamilton. Je sais par exemple qu’à un moment, ce qui est

308 2791 1928 85 diffusé est Tuckin', de Rube Bloom et Ted Kœlher, par le quintette de Bob

312 2875 328 70 Brookmeyer.
