2550 3300
404 299 1835 69 Mais l'homme ne voulait ou ne pouvait plus parler. Ils atteignaient la

313 365 1923 75 Mercedes. Gerfaut aida le blessé à s'appuyer au véhicule, ouvrit la portière

308 431 1928 80 arrière droite. L’homme s'accrocha au dossier du siège avant et se propulsa

310 503 820 80 sur les sièges arrière, sur le dos.

418 591 1812 58 — Ah, merde, merde, je saigne, je saigne, dit-il avec tristesse et rancœur.

308 657 652 69 (Il avait l’accent parigot.)

423 723 666 71 — Ça va aller. Ça va aller.

404 808 1832 63 Gerfaut poussa les jambes du blessé à l’intérieur, claqua la portière

308 877 1928 66 arrière, monta vivement à l’avant. Il pensait que le sang allait souiller le cuir

308 951 1928 63 des sièges; ou bien il ne pensait rien. La Mercedes s'ébranla. Pendant le

310 1009 1489 77 trajet Gerfaut ne dit pas grand-chose et le blessé ne dit rien.

401 1091 1835 66 Ils se trouvèrent à Troyes en moins de dix minutes. Il était 0 h 20. Il n’y

308 1163 1928 69 avait pas un flic en vue. Gerfaut s'adressa à un passant tardif. On lui indiqua

308 1234 1922 72 le chemin d'un hôpital. Le passant était ivre, les indications furent confuses,

308 1292 1925 80 Gerfaut s'égara à demi, perdit du temps. A l'arrière, avec bien de la peine

308 1377 1928 64 mais sans gémir, le blessé avait ôté son caban. Dessous, il portait un

308 1438 1928 77 chandail noir ras du cou. Il avait plié son caban en quatre et il le pressait

310 1529 1929 60 contre son flanc pour ralentir l’hémorragie. Au même instant il perdit

310 1584 1926 77 connaissance et ils arrivèrent à l'hôpital. Gerfaut alla se ranger avec

310 1663 1926 72 brusquerie devant le service des urgences. Il se précipita hors de l'auto et

308 1724 949 91 jusqu'à l’entrée d'un hall mal éclairé.

423 1812 1810 63 — Un brancard! Un brancard! Vite! hurla-t-il et il revint vers la voiture

310 1886 749 63 et ouvrit les portières arrière.

404 1949 1832 72 Personne ne sortait de l’hôpital. A droite du hall vitré, Gerfaut voyait une

310 2013 1926 85 grande pièce vitrée avec un comptoir de réception et deux filles en blouse

310 2101 1929 63 derrière le comptoir et quatre autres personnes dans la pièce, un Algérien et

313 2172 1923 63 un couple âgé assis sur des chaises en tube métallique et en plastique, et un

313 2227 1917 88 type de trente ans au teint blanchâtre et aux joues molles, en complet, sans

310 2312 1167 66 cravate, adossé au mur, se rongeant les ongles.

418 2373 1050 77 — Mais alors, nom de dieu? cria Gerfaut.

401 2453 1645 68 Deux infirmiers arrivèrent par le hall avec une civière à roulettes.

418 2519 737 77 — On arrive, observèrent-ils.

404 2587 1837 80 Avec efficacité ils se saisirent du blessé, l’étendirent sur la civière et

310 2675 1923 64 repartirent dare-dare à travers le hall et au-delà. Avant qu’ils disparaissent,

310 2736 1909 77 l’un d’eux se retourna vers Gerfaut qui suivait le mouvement avec hésitation.

418 2802 929 80 — Faut l’inscrire, déclara l’infirmier.
