2550 3300
313 360 1890 80 un accidenté de la route et tu prends la fuite. Dis-moi ce qu’ils vont penser!.

409 291 1824 72 — Absolument pas. Qu’est-ce qu'ils ont dû penser? Tu te pointes avec

418 437 1293 71 — Ah, mais, il leur expliquera. Et puis je m'en fous.

415 514 1821 63 — Et s’il ne sait pas ce qui lui est arrivé? Et s’il est en état de choc? Et

310 577 361 74 s'il est mort?

407 662 1823 58 — Ne crie pas, tu vas réveiller les petites. (Il était plus de quatre heures

310 734 264 69 du matin.)

409 794 457 72 — Je ne crie pas!

415 877 1133 63 — Bon alors, ne prends pas un ton si offensif.

401 940 630 72 — Tu veux dire agressif.

412 1014 622 64 — Je veux dire offensif!

412 1080 1354 77 — C'est toi qui cries, maintenant. Hahaha! ! ! dit Béa.

401 1152 1832 77 Gerfaut saisit son verre et s’astreignit à le vider lentement et sans

310 1237 1923 66 respirer, la Gitane-filtre tenue verticalement entre le pouce et l’index droit,

313 1300 1920 75 le filtre en bas, à cause de la cendre longue qui menaçait de tomber et il n’y

310 1383 1040 63 avait pas de cendrier à portée de la main.

415 1441 1818 74 — Oh, écoute, dit-il quand il eut fini de boire, on réfléchira à tout ça

308 1507 1922 82 demain. Je n’ai tué personne, j'ai fait ce qu'il fallait, et puis d’abord le plus

310 1584 1365 88 probable, c'est qu'on n'en entendra plus jamais parler.

420 1655 457 80 — Mais bon dieu!

407 1721 731 80 — Béa, s’il te plaît. Demain.

401 1809 1835 63 Sa femme parut sur le point d'exploser, ou peut-être de rire car elle

305 1872 1928 75 n'était pas malgré les apparences ce qu'on appelle une emmerdeuse ou une

308 1941 1925 88 peau de vache, elle était le plus souvent joyeuse et conquérante. Enfin elle se

308 2015 1922 77 détourna silencieusement et disparut dans la cuisine. La cendre de la Gitane-

313 2101 1923 63 filtre tomba sur la moquette. Gerfaut se leva, il écrasa du pied, balaya et

308 2158 1928 77 étala et dispersa la souillure, puis alla dans le coin allumier la chaîne Sanyo

310 2244 1926 66 et mettre en sourdine du Shelly Manne avec Conte Candoli et Bill Russo. Au

308 2310 1925 71 retour il écrasa sa cigarette dans un cendrier d’albâtre qu’il emporta avec lui

310 2373 1923 80 sur le canapé où il se rassit et alluma une autre Gitane-filtre avec son

310 2461 1926 63 Criquet. Les enceintes quadriphoniques diffusèrent doucement la musique

310 2532 1926 64 douce. Gerfaut fumait et regardait le living, dont une partie seulement du

310 2587 1926 80 système d’éclairage, la plus discrète, donnait actuellement de la lumière. De

310 2670 1929 66 sorte qu’une pénombre élégante baignait les fauteuils assortis au canapé, et

310 2741 1926 80 la table à café, et les cubes de plastique blanc cassé où reposaient un coffret

305 2805 1928 79 à cigarettes, une lanpe en forme de champignon en plastique vermillon, les

300 2873 1925 88 numéros récents de L’Express, Le Point, le Nouvel Observateur, Le Monde,
