2550 3300
305 299 1931 64 Play boy en édition américaine, L’Echo des Savanes et d’autres

310 363 1926 82 publications; et les casiers à disques où l’on trouvait des disques de

308 445 1925 66 musique symphonique et d’opéra et de jazz west coast pour une valeur de

310 522 1929 63 quatre ou cinq mille francs; et les rayons de teck encastrés dans le mur et

310 574 1923 80 soutenant plusieurs centaines de volumes, c'est-à-dire presque tous les

308 646 1502 82 meilleurs écrits produits par l'humanité et aussi des merdes.

401 717 1835 77 Béa revint de la cuisine avec deux Cutty Sark et un sourire de tendre

308 805 1928 64 ironie. Elle s'assit de côté près de son mari, lui passa un verre et remonta

313 880 1920 63 ses pieds nus sous ses fesses. Elle enroula une boucle de cheveux autour de

308 937 272 75 son index.

415 1012 1818 71 — Bon d'accord, dit-elle, on n'en parle plus, on verra bien. Le voyage à

308 1083 1224 83 part ça? Ça s'est bien passé? Ça s’est arrangé?

404 1160 1832 69 Gerfaut hocha la tête avec contentement et donna quelques détails sur la

313 1223 1926 77 façon dont il avait heureusement conclu une affaire, de sorte qu'il allait

313 1311 1923 61 toucher une commission de quinze mlle francs, en plus de son salaire

308 1366 1928 75 mensuel qui était supérieur à la moitié de cette somme. Il commença à

310 1449 1923 69 raconter comment, au cours d'un déjeuner, la femme du représentant local

310 1518 1923 68 s’était horriblement enivrée et ce qui avait suivi. Mais soudain il apparut que

313 1592 1912 71 ça ne lui paraissait pas tellement drôle et il conclut abruptement sa narration.

423 1666 1205 63 — Et toi, demanda-t-il, comment ça s’est passé?

418 1724 1815 82 — Bien. La routine. On fait les deux dernières projections du Feldman

308 1812 1928 66 demain. C'est Karmtz qui va nous le sortir, finalement. Tu pues la sueur, dis

308 1872 156 72 donc.

412 1944 1824 74 — Ah mais, dit Gerfaut, voilà ce que je suis. Génériquement parlant. Un

308 2015 343 83 pue-la-sueur.

409 2101 1827 57 — Tais-toi donc. (Béa reprit pied sur la moquette et se cambra en

308 2158 1925 77 s'étirant, ce qui permettait d'apprécier sa belle charpente et son harmonieuse

310 2241 1923 69 incarnation souple-dure.) Tais-toi, répéta-t-elle. Finis ton scotch. Va prendre

313 2318 704 63 une douche. Et viens baiser.

401 2381 1832 66 Gerfaut se tut, vida son whisky, alla prendre une douche, revint et baisa.

310 2455 1926 69 Mais entre-temps il se cogna l’épaule au chambranle de la porte de la salle

308 2516 1928 77 de bains, dans la baignoire il glissa et faillit tomber et se rompre le cou

308 2585 1928 88 pendant qu'il se douchait, et il lâcha deux fois sa brosse à dents dans le

310 2670 1923 82 lavabo et manqua casser son vaporisateur de désodorisant Habit Rouge. De

297 2728 1823 85 deux choses l’une: ou bien il était ivre après deux verres, ou bien quoi?
