2550 3300
308 291 1928 85 denrées lourdes, par exemple une caisse de whisky et, tandis qu’il portait la

310 376 1923 64 caisse jusqu'à la maison, Alonso transpirait profusément et il avait des

313 448 1783 63 tremblements incontrôlés dans les mollets et aussi au coin de la bouche.

401 500 1829 83 Dans le salon de la demeure, il y avait une chaîne haute fidélité ouest-

310 591 1923 66 allemande de marque Sharp. Alonso l’époussetait soigneusement, alors que

308 660 1925 66 le reste des meubles et équipements de la demeure n’étaient presque jamais

310 734 1920 66 nettoyés et se recouvraient irrémédiablement d’une couche de crasse grasse.

310 800 1929 71 De même Alonso époussetait les enceintes quadriphoniques qui se trouvaient

313 880 1923 63 un peu partout dans la maison de telle sorte que la musique diffusée par la

310 951 1926 63 chaîne pouvait être entendue partout, même dans les deux latrines et les deux

310 1003 1929 83 salles de bains. Les goûts musicaux d’Alonso étaient très différents de ceux

308 1078 1928 79 de Georges Gerfaut. La discothèque d’Alonso peut être divisée en trois

310 1152 1926 74 secteurs. D’abord de la musique classique, du Bach, du Mozart, du

310 1232 1929 66 Beethoven. Puis des variétés américaines sirupeuses, du Tony Bennett, du

313 1300 1920 75 Billy May. Ces disques, Alonso ne les écoutait jamais. Ce qu’il écoutait sans

308 1361 1925 82 arrêt à partir du moment où il avait terminé sa promenade avec Elizabeth,

308 1435 1284 83 c’était du Tchaïkovsky, du Mendelssohn, du Liszt...

407 1515 1829 74 En même temps qu'il écoutait ces musiques, Alonso était assis dans son

310 1592 1923 71 bureau au rez-de-chaussée, avec les terres envahies de mauvaises herbes qui

310 1652 1923 80 se déployaient derrière les fenêtres toujours fermées, et avec le Colt

308 1735 1925 66 Officer's Target posé sur le coin de sa table de travail, et il rédigeait ses

310 1801 1926 74 Mémoires avec un stylo Parker sur des feuilles de papier pelure. Il écrivait

305 1872 1931 77 très lentement. Souvent il n’écrivait même pas une page entière en dix ou

310 1958 622 63 quinze heures de travail.

404 2013 1832 79 Il ne déjeunait pas. Les soirs, vers 18 h 30, il dînait de conserves et de

310 2092 1926 69 fruits dans la cuisine. Ensuite il mettait la vaisselle sale dans une machine à

308 2156 1925 77 laver la vaisselle, où elle rejoignait la vaisselle du breakfast. Alonso

310 2244 1926 66 continuait à travailler plusieurs heures, puis il arrêtait la musique, il mettait

313 2318 1923 63 en marche la machine à laver la vaisselle, et il montait à l’étage avec un

310 2378 1920 75 livre et se couchait dans son lit défait et froissé. Il attendait que le sommeil

316 2461 1920 63 vienne et le sommeil ne venait pas. Alonso entendait la machine à laver la

316 2532 1920 64 vaisselle, en bas, passer par les différentes phases de son programme, avec

310 2604 1926 63 des pauses et des déclics. Il lisait indifféremment en anglais, en espagnol et

310 2675 1926 66 en français, principalement des Mémoires écrits par des chefs mlitaires ou

310 2730 1926 83 des hommes d’Etat comme Liddell Hart, Winston Churchill, De Gaulle, ou

308 2816 1928 68 des romans militaires, surtout du C. S. Forester. Il avait aussi des numéros de

300 2873 1933 83 la revue américaine salace Playboy. De temps à autre chaque soir il se
