2550 3300
305 302 1931 63 autour de lui, ne vit derrière soi que l’obscurité. La DS s’y était engloutie.

308 357 1925 83 aussi. Tenaillé encore par l'envie de poursuivre sa route l’homme grogna

310 448 1929 63 entre ses dents tandis qu'il passait en marche arrière et revenait vers le lieu

308 503 874 80 de l’accident en zigzaguant un peu.

407 583 1829 74 Il se rangea sur l’accotement, entre deux arbres, à côté de la portière

308 646 1925 80 arrachée. Le lecteur de cassettes diffusait Two Degrees East, Three Degrees

316 728 1920 69 West. Gerfaut arrêta le lecteur de cassettes. Peut-être allait-il découvrir des

310 808 1929 63 cadavres hideusement mutilés, une fillette aux nattes gluantes de sang, ou

313 882 1923 58 bien des blessés retenant leurs tripes à deux mains, on ne peut pas

308 951 1928 63 décemment faire ça en musique. Il descendit de la Mercedes avec sa torche

308 1006 1931 80 électrique étanche qu’il braqua du côté de la DS aussitôt. A son soulagement

310 1089 1929 68 il ne vit qu'un homme et il était debout. C'était un homme petit, des cheveux

310 1149 1923 83 blonds frisottés, un début de calvitie, le nez pointu, des lunettes cerclées de

310 1226 1926 85 plastique. Le verre droit était nettement fendu. L'homme portait un caban et

310 1306 1923 69 un pantalon de velours marron à grosses côtes. Il regardait Gerfaut avec de

310 1369 1920 83 grands yeux apeurés. Il était appuyé au capot de la DS, du côté droit, et il

308 1449 217 66 haletait.

418 1512 1394 72 — Holà! fit Gerfaut. Ça va? Nous n’avez rien? Ça va?

404 1584 1829 77 L'homme bougea vaguement, hocha peut-être la tête, faillit tomber.

305 1666 1928 63 Gerfaut s'approcha avec inquiétude. Son œil accrocha par hasard la zone

310 1735 1926 71 humide et sombre qui se dessinait, très discrète, au flanc de l’homme sur le

310 1815 905 63 drap sombre et pelucheux du caban.

412 1872 1816 72 — Vous êtes blessé au flanc, dit Gerfaut (et son esprit évoquait pour soi-

308 1952 1925 63 même l’odeur du sang et son goût et Gerfaut se dit nom de dieu je vais

310 2021 201 77 gerber.)

407 2087 1821 77 — Hôpital, dit l'homme et ses lèvres remuèrent encore mais il n'arriva

310 2172 735 72 pas à ajouter quoi que ce fût.

401 2235 1835 69 C'était au côté gauche qu'il saignait. Gerfaut lui saisit le bras droit, se le

308 2310 1928 79 passa autour du cou et entreprit de soutenir le blessé et de l’entraîner vers la

310 2378 1923 72 Mercedes. Une voiture de marque non identifiée passa à grande vitesse, dans

310 2444 388 80 un miaulement.

418 2527 646 66 — Vous pouvez marcher?

404 2596 1832 71 Le blessé ne répondit pas et marcha. Il serrait les dents. Des gouttes de

308 2659 1925 80 sueur perlaient sur son front dégarni, et sur sa lèvre supérieure, où

310 2744 699 80 poussaient des poils courts.

415 2818 864 61 — S'i r'viennent, marmonna-t-il...

423 2882 410 68 — Hein? Hein?
