3060 3960
482 360 711 86 Mistigri ne répond pas.

482 481 2194 86 Marguerite apparaît par l’ouverture de la trappe qu’elle referme. Elle

369 572 2307 85 torchonne la table d’un coup rapide, pour la forme, et dépose trois chopines

369 662 2307 83 pleines. Le vieux lui fait signe. Elle ouvre le tiroir à pain et en sort une tourte

369 752 2237 75 entamée et un grand morceau de fourme. Elle place le tout devant son mari.

479 869 1506 90 Mistigri dévisage le gendarme qui vient de parler.

484 994 2190 84 — Comment croyez-vous qu' ça s’est passé, tout ça? demande le

372 1084 323 77 gendarme.

479 1199 2195 90 Le vieux ne répond pas. Il soulève une des chopines. Les pandores

369 1289 1673 79 approchent les verres. Mistigri verse le vin. Ils boivent.

477 1410 2197 77 Le vieux découpe de larges tranches de pain. Il les passe à la ronde.

367 1500 2307 77 Chacun taille son morceau de fromage. Le gros au front bas regarde Mistigri.

369 1590 2310 82 L’autre, le jeune, un blondinet à moustache fine, bâfre consciencieusement, en

372 1680 1816 77 levant de temps en temps la tête. Mistigri hausse les épaules.

479 1799 1759 86 — Moi, je comprends rien à toute cette histoire, dit le gros.

479 1925 2202 72 Il mord dans sa tranche de pain. Le jeune jette une croûte de fromage au

372 2010 2309 95 grand chien jaune qui vient d’entrer en cabriolant dans la pièce. Mistigri sert

374 2107 471 71 encore à boire.

479 2222 2010 88 — De toute façon, c’est pas une perte, dit le jeune, la bouche pleine.

477 2340 1887 86 — Pourtant, ça peut quand même pas être un suicide, dit l’autre.

479 2459 2197 79 Lentement, il poursuit son idée. Mistigri condescend à le regarder avec

374 2554 629 83 un soupçon d’intérêt.

484 2670 2197 75 — C’était un rien du tout, tranche le jeune. Il se vide la bouche et boit

369 2761 1801 88 pour faire descendre. Mistigri n’a pas réagi. Le gros insiste:

477 2884 927 81 - Deux coups, quand même...

479 3000 1843 84 — Des gars comme ça, fait le blondinet, des gars comme ça...

479 3121 2193 86 — Deux coups, reprend l’autre. Deux coups en pleine poire tout de même.

369 3212 2310 79 Un coup, j' dirais pas. Un coup, ça peut bien être un accident, mais deux

369 3308 311 77 coups!...

488 3423 2188 88 — Il aura buté, dit le jeune, et les deux coups seront partis en même

369 3517 212 84 temps.
