3060 3960
367 363 2309 74 doucement, et le soleil est monté un peu plus haut dans le ciel chargé de

372 455 2307 73 nuages lourds. Un instant, on n’entend plus que le bruit des insectes et le cri

369 541 2312 79 des martinets qui volent au ras du sol. Puis des cantiques s’élèvent. Leur son

369 631 2303 84 malingre épouse l’immensité de chaleur et de silence, s’y noie, soporifique.

372 723 2309 86 Un bourdonnement s’y mêle, grandit : quelque voiture qui s’approche et

372 816 1261 72 remonte les lacets de la route en corniche.

479 930 786 77 Le bruit de moteur éclate.

479 1049 2197 88 Une vieille Peugeot 402, sans toit, couverte de poussière, passe

372 1144 2300 74 brutalement à gué le ruisseau en contrebas du village. Une gerbe d’eau éclate.

369 1229 2305 80 Dégoulinante, l’automobile escalade en rugissant le dernier raidillon qui

369 1322 2303 81 mène au centre du hameau. Elle stoppe avec brutalité sur la place gazonnée,

372 1414 1774 73 tout près du débit de boissons. La route ne va pas plus loin.

477 1531 2204 77 Cela se passait au début de la dernière semaine d’août. Le village était

372 1623 2307 77 déserté quand quatre hommes basanés, aux membres longs, s’extirpèrent de la

374 1713 253 71 voiture.

477 1826 2204 83 D’un bond, Chtouki, splendide, s’éleva pardessus la portière de la 402 et

372 1925 2307 72 atterrit avec grâce sur le sol des Martres-Sainte-Marie. Il arborait avec

372 2010 2309 80 superbe des jeans délavés, une chemise kaki et un chapeau de brousse. Un

374 2103 2186 77 filet de camouflage était négligemment noué en foulard autour de son cou.

479 2222 2197 74 Il avait conduit pieds nus, et il s’assit sur le bout de l’aile pour enfiler des

372 2314 2304 73 bottes courtes ornementées de motifs criards : des bottes jaunes à dessins

369 2402 2307 77 noir et rouge; l’intérieur en était talqué. Il se décrotta soigneusement un orteil

367 2488 2312 83 et enfila à même un pied. Puis, sans doute fatigué par l’effort, il s’arrêta, un

372 2587 1756 79 pied chaussé, l’autre encore nu, posé à flanc sur son genou.

479 2703 2197 75 Une grosse mouche passa, revint, bourdonna autour de lui. Chtouki

369 2791 2312 77 l’écarta, agitant sa main droite. Il regarda l’heure. Il portait, serrée au poignet

367 2882 2307 77 droit par un bracelet à breloques, une impressionnante montre de plongée. Il

369 2972 1979 81 regarda encore une fois l’heure, soupira et leva la tête vers le ciel.

479 3093 2202 75 Il demeure un moment, la tête levée. A l’ombre du drapeau, ses yeux

367 3183 2309 75 clairets tranchent sur son teint mat. Le ciel est très chargé. De gros nuages

369 3273 2312 86 continuent de s’amonceler sur les sommets. Il y en a un gros rassemblement

369 3359 2305 81 au bout du plateau. De là, ils se forment en haie noire et paraissent vouloir se

369 3449 685 90 diriger vers le village.
