3060 3960
479 363 1387 74 Le Roi colla davantage son visage au hublot.

482 481 940 82 — Ah! l'Homme, murmura-t-il.

475 598 2204 79 Pour lui, sa Voie avait été dans le Ciel, de toute Eternité. Il lui arrivait

367 690 2312 86 cependant, quand il était seul, bien qu’il la magnifiât et l’érigeât en

367 781 2307 77 Destin, de penser à son existence quotidienne avec dégoût. Le danger

367 871 2309 75 l’attirait et il aurait voulu que ses plaisirs fussent criminels. Ce qu’il vit

367 959 2309 77 cette nuit-là de l’avion lui apparut d’emblée comme l’exaltation, le théâtre

367 1049 2312 77 même de la Vie : la Vie réservée aux autres. Cet homme qui les avait

367 1144 2312 72 toujours manœuvrés à la schlague n’avait jamais connu des autres que le

367 1232 2309 85 spectacle de leur vie. Il ne se voyait qu’en spectateur et savait qu’il ne

365 1324 2314 84 partagerait jamais ce qu’il croyait être l’existence merveilleuse et

367 1410 2312 77 enchantée des acteurs. Alors qu’il prétendait les aimer d’amour pour cette

367 1500 2309 77 raison et parce qu’’il était en quelque sorte le maître de leur activité, de

367 1590 2309 77 leur vie, il les jalousait et les considérait comme les assassins de la sienne

367 1696 240 77 propre.

479 1801 2197 86 Pour une fois, le Roi voyait juste: tout en se flattant la verge, il eut le

369 1896 1522 81 temps mentalement d’applaudir et mourut apaisé.

486 2010 2036 77 — Ah, Humanité! s ’était-il écrié dans un ultime élan de préciosité.

479 2131 1843 75 L’impact lui avait étoilé et aussitôt fait éclater la citrouille.

475 2250 2199 88 Le piège s’était ensuite écrasé au sol, et refermé. C’était la fin de

372 2347 345 73 septembre.

479 2461 1337 80 Ici se termine le conte, et s’ouvre l’enquête.
