3060 3960
369 360 2307 80 avait filé vers Saint-Flour, sur la planèze; mais tout à l’heure, c’est qu’il a

372 453 1395 86 l’air de revenir, et à un sacré galop, le bougre!

482 576 1028 81 Le vieux appela sans se retourner.

482 693 471 83 — Marguerite!

479 811 2197 77 Marguerite sortit de la maison, pataugeant en sabots dans la cour. Elle

372 906 2307 73 avait abandonné sa robe noire et sa mantille; ses cheveux étaient roulés sur

372 994 2304 79 la nuque en un lourd chignon et elle était revêtue d’un sarreau clair en vichy;

367 1084 2309 73 c’était une autre personne. On voyait bien maintenant qu’elle n’avait guère

369 1170 2307 88 plus de trente ans et qu’elle était belle, de cette beauté champêtre qu’on ne

369 1260 2312 77 trouve plus guère que par là-haut. Inconsciemment, le Barbeau la déshabillait

369 1350 2307 77 du regard. Elle répondit par un sourire fier à son hommage silencieux; mais

372 1443 2302 81 son expression changea immédiatement quand Mistigri se retourna vers elle,

367 1533 2307 81 et son visage prit le masque de la modestie et de la soumission. Visiblement,

372 1623 1078 73 son seigneur et maître la terrorisait.

479 1740 2197 77 Dans la langue du pays, le patriarche lui commanda d’aller rentrer les

372 1832 2302 84 bêtes avant l’orage. Chtouki comprit. Sa mère était d’origine piémon-taise;

367 1922 2309 86 elle et la grand-mère parlaient un dialecte qui a beaucoup d’analogies avec

369 2015 601 79 celui d’Auvergne. »

484 2131 2192 75 — J’ai comme une idée, dit-il, qu’on va avoir l’occasion de vous montrer

369 2224 595 81 ce qu’on cherche...

479 2336 1244 92 Le regard gris fer de Mistigri vint sur lui.

482 2461 2199 77 — J’ai idée qu’on pourrait vous aider à rentrer les bêtes, dit Chtouki en

369 2549 372 86 piémontais.

482 2673 2192 81 A cause des mots assez différents et de l’accent qui sonnait bizarrement,

374 2765 1118 73 le vieux crut que Chtouki se moquait.

482 2877 2192 79 — Toi, lui dit-il, ne viens pas trop faire l' fendant. Tu jabotes bien, mais

369 2972 2063 75 c’est pas les vaches qui démènent tant la queue qui font le plus d’ lait.

479 3088 2195 80 Méprisant, l’œil de Mistigri se posa sur les mains des hommes ; il

372 3181 2302 79 s’arrêta longuement sur celles, douces et baguées, du Barbeau, puis revint sur

369 3269 280 86 Chtouki.

479 3390 2195 88 — Justement, p’t’être que j' me moque pas, dit celui-ci ayant soin de ne pas

374 3484 2300 77 faire montre d’un brin d’ironie. P’t’être bien qu’on aurait comme ça des idées
