3060 3960
482 363 1479 77 Le gros achève de mastiquer; il regarde Mistigri.

484 484 1195 83 — Vous en pensez quelque chose, vous?

479 602 2195 77 Il a lancé ça comme ça, sans intention. Mistigri le regarde sans répondre.

372 693 2307 79 Il tient à la main la troisième chopine. Les deux gendarmes se lèvent, en

372 783 1305 86 approchant leur verre. Le vieux les remplit.

479 899 1334 86 — On va conclure à un accident, dit le jeune.

486 1023 1052 83 — Y a que ça à faire, ajoute l’autre.

484 1139 874 88 Mistigri n’a toujours rien dit.

479 1260 2195 79 Les gendarmes vident les verres et enjambent les bancs en rajustant leur

374 1355 326 72 ceinturon.

479 1469 1180 88 Le break 403 a emporté les gendarmes.

477 1590 2199 77 En 50, Mistigri s’en souvient bien, les autres étaient montés en Jeep. La

367 1683 2309 83 peinture de mauvaise qualité s’écaillait sur la carrosserie. On pouvait lire

369 1768 2307 77 dessous les lettres « U.S. » et le numéro d’ordre du véhicule dans l’armée

369 1861 2307 77 américaine. Sur le capot, on devinait même la grande étoile mal recouverte

369 1953 1444 84 par la peinture réglementaire de la gendarmerie.

479 2068 2195 79 Les choses s’étaient déroulées à peu près de la même manière. Le corps

369 2160 2303 84 d’Eugène, remonté en char à bœufs, avait été exposé dans la pièce voisine.

369 2252 2307 75 Une grande serviette blanche recouvrait sa tête que la double charge de

369 2343 855 74 chevrotine avait fait éclater.

484 2461 2190 77 Mistigri connaissait bien les gendarmes d’alors. Il savait qu’ils savaient.

367 2549 2309 77 Cette fois-là, ils n’étaient pas montés chez lui simplement parce qu’il était le

369 2637 2314 77 notable... En définitive, le Mistigri avait été le plus fort. Il te leur en avait

369 2730 2307 75 débité une belle râtelée et les pandores étaient ressortis blancs comme

372 2824 1961 75 linceuls. Ils avaient décanillé et on ne les avait plus jamais revus.

473 2939 2201 86 Oui, quand il y songe, le Mistigri s’en était payé une tranche. Aujourd’hui,

372 3033 2307 75 c’est moins drôle. Ces pandores-là ne font pas tant le poids que ceux taillés à

369 3121 2305 75 la vieille façon... Pour ça, tout à l’heure les gens ne sont pas de taille, ils

369 3209 2307 77 n’ont plus tant de malice. Heureusement, lui, il a la Mariette, qui a de cette

369 3297 2305 82 finesse à l’ancienne. Elle est de taille, elle, et il sent qu’il aura fort à faire

369 3394 487 77 pour la dresser.

484 3513 1400 77 Le vieux sourit en pensant à sa plus jeune fille.
