3060 3960
374 365 2296 81 l’intéresser, il aura plus que ses filles à la maison, et pas d’ouvriers,

372 453 1970 79 sûrement qu’il craindra pas quelques bras... Vous devriez essayer.

477 569 1290 75 — Elle est où, cette ferme? demande Saïd.

479 688 2195 88 L’aubergiste lui indique la direction. Pendant qu’elle donne des

367 781 2309 79 explications, on entend, tout proches, des appels de clairon. Puis un tracteur

369 871 2307 79 apparaît sur la place, tirant un char abondamment décoré de feuillage. A

369 961 2305 77 l’intérieur, des jeunes gars sont vautrés sur un lit de fougères parmi des

372 1051 2302 77 bouteilles, de la cochonnaille et des brioches, dons des populations locales.

372 1144 2309 72 Certains ont à la main des trompettes d’enfant et ont le chef recouvert d’un

367 1229 2309 80 chapeau de papier. Des décorations multiples, colorées, argentées ou dorées

372 1324 2304 73 sont épinglées avec force rubans au revers de leur veston. L’un d’eux, à

369 1414 2312 75 califourchon sur le capot du tracteur, gesticule, brandissant un vieux clairon

372 1504 2302 75 de cuivre tout bosselé. Il sonne plusieurs appels, tente quelques mesures. Les

374 1592 1244 77 autres s’esclaffent, applaudissent, hurlent.

482 1727 1855 61 Quelques paysans sortent du café et se pointent sur la terrasse.

482 1828 625 86 — V'ià les conscrits.

486 1951 1517 77 Tant bien que mal, Ramos se lève pour mieux voir.

479 2072 2200 75 Les jeunes gens sautent du char et du tracteur et pénètrent en bousculade

369 2162 2314 84 dans le café, parlant haut, riant fort. Ce sont les appelés qui partent demain

369 2252 2310 75 matin par le car de sept heures pour aller faire leur régiment. Il y en a de

369 2343 2310 83 plusieurs commnes. Certains ont pris en route la saucée. Chacun a sa

369 2431 2307 77 bouteille à la main, un ruban tricolore noué autour du goulot. Ils vont les

369 2521 2305 81 accrocher au plafond du bistrot, une vieille coutume. Au retour, ils les

372 2611 2300 84 boiront. Celles qui pendent déjà sont celles des absents, ou des morts,

374 2701 1904 77 souvenirs d’Indochine, d’Algérie. On ne boit pas le vin des tués.

482 2824 2190 80 Au passage, les jeunes gens et les étrangers se sont toisés. Les premiers,

367 2912 2309 86 parmi lesquels l’Eugène, auraient bien voulu provoquer les seconds, histoire

367 3003 2307 77 de leur coller une bonne frottée en manière de rigolade, mais comme ceux-ci

369 3093 1484 83 ne paraissaient pas d’humeur, ils n’ont pas insisté.

477 3207 2204 82 Déjà Saïd remerciait la tenancière du débit. Chtouki la paya, tirant un

369 3300 2307 79 billet de cent d’une liasse épaisse, puis fourrant pêle-mêle la liasse et la

372 3394 1919 77 monnaie dans la poche arrière de son blue-jean. Ils s’en allèrent.
