3060 3960
369 365 2305 72 de travailler. Et pour commencer, j' crois bien qu’on va vous aider à rentrer

374 451 299 77 les bêtes.

479 580 2202 66 Ils s’y mettent, se dépensent, se hâtent, entreprennent même de râteler et

369 662 2307 75 rentrer le peu de trèfle qui sèche derrière la maison. C’est à peine si femmes

372 767 2309 60 et hommes ont le temps de se lorgner, brusquement un vent glacé arrive en

369 840 1790 84 ouragan; d’un seul coup les nuages sont là, et l’orage éclate.

484 963 2190 73 Mistigri les a tous fait entrer dans la salle commne. On amène le

372 1051 836 88 fromage et le vin, on goûte.

477 1170 1922 88 — Je n’ai jamais renvoyé quelqu’un sur sa faim, dit le patriarche.

482 1293 832 84 — C’est ce qu’on nous a dit.

475 1410 2204 77 C’est le Barbeau qui a fait l’effort. Il a remarqué que son genre et sa

369 1502 2307 77 noirceur ne plaisent pas trop au vieux. Il dissimle le plus possible ses mains

374 1597 2302 77 baguées, se disant que ce n’est pas la peine de la ramener pour le moment,

369 1680 2305 91 qu’après tout ici on ne serait pas si mal, avec des femmes qui ont l’air de ne

372 1777 596 82 demander que ça...

479 1892 1753 72 — Vous avez encore faim, les hommes? demande Mistigri.

482 2010 2194 77 Ils ont déjà fini. Pas lui. Poitrine contre table, il mastique lentement, ne

367 2101 2314 90 perd pas une bouchée de ce qu’il mange. Les hommes font signe que pour eux

367 2191 2307 88 c’est terminé. Ils replient leur canif. Mistigri remplit encore les verres, puis

374 2281 854 88 il fait un signe à Marguerite.

479 2398 562 90 — La gnôle, dit-il.

479 2521 1931 77 Ensuite, il attend en se curant les dents, dévisageant les hommes.

479 2640 2202 77 Il les a déjà observés tout à l’heure, et il a révisé son premier jugement

372 2734 2304 73 en voyant comment les gars mettaient du cœur à l’ouvrage. Déjà il dresse des

369 2822 2312 86 plans dans sa tête, sans bien sûr s’occuper des femmes. Charbonnier est

369 2915 2310 74 maître chez lui, pas un instant il s’imagine le drame que peut provoquer cette

369 3005 2307 75 descente de jeunes gens solides dans une maison sans hommes: parce qu’il y

369 3091 2017 77 est à la fois, à lui tout seul, le maître et le père, il s’y croit l’homme.

482 3209 2192 84 Mistigri n’est jamais qu’un vieillard. Quelques images l’abusent. Ainsi,

372 3302 2311 83 Mariette regarde Saïd, mais Saïd ne regarde pas Mariette. Mistigri ne fait

369 3390 2312 79 qu’adresser à Mariette un regard furibond. Elle disparaît dans un coin

369 3482 2307 79 d’ombre... Le vieux est bien tranquille ; ce n’est pas possible que ça la
