3060 3960
372 365 2300 75 court, il accule son gibier dans une zone d’ombre, le dos au roc empoisonné.

374 448 310 80 Il souffle.

479 569 764 75 — Mariette, murmure-t-il.

484 693 2190 74 Mariette fait face, son œil défie. Elle a longtemps attendu ce moment.

372 781 2304 77 Son geste n’en aura que plus d’éclat. Depuis deux ans déjà- elle n’était pas

367 869 2307 79 encore formée — elle sent sur elle le désir du braconnier. Hier, il l’a suivie

369 959 2305 79 dans l’étable du haut. Il n’avait pas son fusil. D’habitude il ne quitte jamais

372 1053 2302 75 son fusil, tout comme le Mistigri... Lui, son nom au pays, c’est le Cinabre.

380 1144 2296 74 Tout le monde sait qu’il ne fait rien et qu’il n’y a pas dans toute l’Auvergne

369 1232 2312 85 plus paresseux que lui. Il ne vit que de la charité de tout un chacun, réparant

369 1324 2307 73 ici une clôture, aidant là pour un labour ou une moisson. A la belle saison, il

369 1412 2307 75 braconne les truites pour les restaurants de la plaine; à l’automne, il s’attaque

369 1500 2307 77 davantage au gibier. On dit qu’il s’entend bien avec les gendarmes, qu’il leur

374 1595 2300 72 verse une sorte de dîme en nature, en échange de quoi ils veulent bien se

372 1680 728 75 baller de lui et du reste.

482 1797 2197 79 Hier donc, Mariette était dans l’étable du haut. Elle cherchait un panier

369 1892 2307 88 pour aller aux champignons. A cause de la chaleur, elle ne portait sur elle

369 1982 2305 77 qu’un mince sarreau de cotonnade écrue. Brusquement elle a senti les grosses

369 2074 2303 82 mains d’un homme sur elle, qui parcouraient lourdement son corps,

374 2164 2305 75 froissaient ses chairs, écrasaient ses seins nouveaux. Dans l’obscurité, elle a

369 2250 2312 79 reconnu le Cinabre. Elle est tombée à la renverse. Elle pouvait voir son

372 2340 2304 75 visage au-dessus d’elle, éclairé d’un rai de lumière où dansaient des

369 2431 2312 94 poussières. Puis elle a senti son poids sur elle, et l’odeur de sa bouche aux

369 2521 2310 75 dents pourries, une odeur de vinasse et d’immondices. Elle a secoué

372 2611 2304 77 frénétiquement la tête, fuyant le contact de la bouche qui empestait et des

372 2701 2307 77 lèvres craquelées. La peau rugueuse et piquante de l’homme éraillait sa peau

372 2789 2150 79 fine. Elle entendait le bruit de son souffle mêlé au craquetis de la paille.

482 2910 2194 77 Le Cinabre n’a pas insisté pour l’embrasser. Il s’est redressé, en appui sur

372 3007 2304 70 un bras. De nouveau elle a senti sa main, une main épaisse et forte qui

369 3091 2312 74 l’étonnait : le braconnier travaillant si peu, elle s’attendait à une main

369 3179 2307 83 efféminée, fragile. Elle voulut se débattre, mais elle ne pouvait rien faire

369 3271 2305 79 contre une telle poigne. Il y eut les doigts entre ses cuisses, des doigts qui lui

372 3359 2302 79 faisaient mal. Puis, de nouveau le poids de l’homme, et une douleur

372 3451 887 80 fulgurante l’avait transpercée.
