<?xml version="1.0" encoding="UTF-8"?>
<alto xmlns:xsi="http://www.w3.org/2001/XMLSchema-instance"
      xmlns="http://www.loc.gov/standards/alto/ns-v4#"
      xsi:schemaLocation="http://www.loc.gov/standards/alto/ns-v4# http://www.loc.gov/standards/alto/v4/alto-4-2.xsd">
  <Description>
    <MeasurementUnit>pixel</MeasurementUnit>
    <sourceImageInformation>
      <fileName>page_00030.png</fileName>
      
    </sourceImageInformation>
  </Description>
  
  <Tags>
    <OtherTag ID="BT10547" LABEL="MainZone" DESCRIPTION="block type MainZone"/><OtherTag ID="BT10548" LABEL="NumberingZone" DESCRIPTION="block type NumberingZone"/><OtherTag ID="BT10549" LABEL="RunningTitleZone" DESCRIPTION="block type RunningTitleZone"/><OtherTag ID="BT10550" LABEL="TitlePageZone" DESCRIPTION="block type TitlePageZone"/><OtherTag ID="BT10551" LABEL="MarginTextZone" DESCRIPTION="block type MarginTextZone"/><OtherTag ID="BT10552" LABEL="QuireMarksZone" DESCRIPTION="block type QuireMarksZone"/>
    <OtherTag ID="LT4125" LABEL="DefaultLine" DESCRIPTION="line type DefaultLine"/><OtherTag ID="LT4126" LABEL="HeadingLine" DESCRIPTION="line type HeadingLine"/><OtherTag ID="LT4127" LABEL="default" DESCRIPTION="line type default"/>
  </Tags>
  
  <Layout>
    <Page WIDTH="3060"
          HEIGHT="3960"
          PHYSICAL_IMG_NR="26"
          ID="eSc_dummypage_">
      <PrintSpace HPOS="0"
                  VPOS="0"
                  WIDTH="3060"
                  HEIGHT="3960">
        
        <TextBlock HPOS="345.9508972167969"
                   VPOS="310.7607421875"
                   WIDTH="2358.828643798828"
                   HEIGHT="3332.883056640625"
                   ID="block_0"
                   TAGREFS="BT10547">
          <Shape><Polygon POINTS="345.951 310.761 2704.78 310.761 2704.78 3643.64 345.951 3643.64 345.951 310.761"/></Shape>
          
          
          <TextLine ID="eSc_line_13809c77"
                    TAGREFS="LT4125"
                    BASELINE="372 422 2674 415" 
                    HPOS="369"
                    VPOS="365"
                    WIDTH="2305"
                    HEIGHT="77">
            <Shape><Polygon POINTS="2659 376 2637 376 2615 376 2593 376 2571 376 2549 376 2527 376 2505 376 2483 376 2461 376 2439 376 2417 376 2395 374 2373 374 2351 374 2329 374 2307 374 2285 374 2263 374 2241 374 2219 374 2197 374 2175 374 2153 374 2130 374 2108 374 2086 371 2064 371 2042 371 2020 371 2018 371 1998 371 1994 371 1976 371 1954 371 1932 371 1910 371 1902 371 1886 376 1684 376 1675 371 1670 369 1668 369 1646 369 1624 369 1620 369 1609 371 1587 374 1560 371 1545 369 1536 369 1514 367 1492 367 1474 367 1461 369 1441 374 1406 369 1384 367 1382 367 1360 367 1338 367 1316 367 1294 367 1272 367 1250 367 1243 365 1175 369 1032 376 1014 369 1003 365 1001 365 999 365 975 369 942 376 369 369 372 422 372 437 2670 442 2674 415 2670 376 2659 376"/></Shape>
	    <String CONTENT="l’extérieur le vieux fauteuil et disposé sur le parapet le miroir brisé. Un coup"
                    HPOS="369"
                    VPOS="365"
                    WIDTH="2305"
                    HEIGHT="77"
                    WC="0.9934087445937008"></String>
          </TextLine>

          
          
          <TextLine ID="eSc_line_d3f6a4b1"
                    TAGREFS="LT4125"
                    BASELINE="372 510 2679 510" 
                    HPOS="372"
                    VPOS="453"
                    WIDTH="2307"
                    HEIGHT="75">
            <Shape><Polygon POINTS="372 510 372 528 2679 528 2679 510 2679 464 2641 453 2639 453 2637 453 2575 464 2205 453 2203 453 1935 464 1871 453 1869 453 1809 464 1765 453 1763 453 1761 453 1758 453 1719 464 1593 453 1591 453 1589 453 1565 466 1358 466 1296 453 1294 453 1292 453 1290 453 1270 466 1129 466 1017 453 1014 453 920 464 873 453 871 453 869 453 867 453 840 464 799 453 796 453 794 453 792 453 790 453 770 466 446 466 402 453 400 453 398 453 396 453 372 464 372 510"/></Shape>
	    <String CONTENT="de vent venu de la vallée emmène une mèche de cheveux tombée et bouscule"
                    HPOS="372"
                    VPOS="453"
                    WIDTH="2307"
                    HEIGHT="75"
                    WC="0.9919482116636477"></String>
          </TextLine>

          
          
          <TextLine ID="eSc_line_f15727b6"
                    TAGREFS="LT4125"
                    BASELINE="372 600 2676 594" 
                    HPOS="369"
                    VPOS="539"
                    WIDTH="2307"
                    HEIGHT="79">
            <Shape><Polygon POINTS="372 600 372 618 2674 613 2676 594 2674 554 2632 539 2630 539 2628 539 2626 539 2595 554 2514 554 2489 539 2487 539 2485 539 2483 539 2390 554 2322 554 2298 539 2296 539 2293 539 2291 539 2230 552 2144 539 2142 539 2040 552 1992 539 1990 539 1987 539 1985 539 1948 552 1910 539 1908 539 1906 539 1904 539 1873 552 1869 554 1866 552 1838 541 1836 541 1833 541 1831 541 1798 552 1791 554 1783 552 1739 541 1736 541 1734 541 1732 541 1688 552 1677 556 1397 556 1393 552 1369 541 1367 541 1364 541 1279 552 1272 552 1268 552 1217 541 1215 541 1160 552 1133 558 821 558 810 552 792 543 790 543 788 543 369 550 372 600"/></Shape>
	    <String CONTENT="à la gargouille en pierre noire l’eau qui coule de la fontaine. Des éclats de"
                    HPOS="369"
                    VPOS="539"
                    WIDTH="2307"
                    HEIGHT="79"
                    WC="0.9963511311555211"></String>
          </TextLine>

          
          
          <TextLine ID="eSc_line_ab4d91a2"
                    TAGREFS="LT4125"
                    BASELINE="369 690 2676 686" 
                    HPOS="367"
                    VPOS="629"
                    WIDTH="2309"
                    HEIGHT="81">
            <Shape><Polygon POINTS="369 690 369 710 2674 710 2676 686 2672 640 2511 629 2509 629 2507 629 2505 629 2487 640 2481 644 1930 644 1928 642 1902 629 1899 629 1897 629 1844 640 1712 629 1710 629 1708 629 1655 642 1622 629 1620 629 1523 629 1521 629 1518 629 1485 644 1483 644 1481 644 1441 631 1439 631 1437 631 1435 631 1395 644 1391 644 1384 644 1296 631 1294 631 1292 631 1290 631 1268 644 1265 646 1171 646 1171 644 1129 631 1127 631 1124 631 1122 631 1120 631 1098 644 1096 646 1067 646 1017 646 924 631 922 631 920 631 876 644 796 631 794 631 717 644 523 633 521 633 519 633 486 644 409 631 407 631 405 631 367 644 369 690"/></Shape>
	    <String CONTENT="rire traversent le rideau de perles du débit : à l’intérieur on commence déjà à"
                    HPOS="367"
                    VPOS="629"
                    WIDTH="2309"
                    HEIGHT="81"
                    WC="0.9840365641257343"></String>
          </TextLine>

          
          
          <TextLine ID="eSc_line_8c978c36"
                    TAGREFS="LT4125"
                    BASELINE="372 783 673 778" 
                    HPOS="369"
                    VPOS="721"
                    WIDTH="304"
                    HEIGHT="88">
            <Shape><Polygon POINTS="372 783 372 798 510 809 512 809 671 794 673 778 669 741 523 721 521 721 519 721 482 737 409 723 407 723 405 723 369 741 372 783"/></Shape>
	    <String CONTENT="chopiner."
                    HPOS="369"
                    VPOS="721"
                    WIDTH="304"
                    HEIGHT="88"
                    WC="0.9993769857618544"></String>
          </TextLine>

          
          
          <TextLine ID="eSc_line_8ec68413"
                    TAGREFS="LT4125"
                    BASELINE="484 899 2679 899" 
                    HPOS="484"
                    VPOS="847"
                    WIDTH="2195"
                    HEIGHT="70">
            <Shape><Polygon POINTS="484 899 484 917 2679 917 2679 899 2679 849 484 847 484 899"/></Shape>
	    <String CONTENT="Des paysans arrivent en groupe. Ils viennent de grimper l’escalier taillé"
                    HPOS="484"
                    VPOS="847"
                    WIDTH="2195"
                    HEIGHT="70"
                    WC="0.9947298136917321"></String>
          </TextLine>

          
          
          <TextLine ID="eSc_line_d458d9dc"
                    TAGREFS="LT4125"
                    BASELINE="372 987 2679 987" 
                    HPOS="372"
                    VPOS="932"
                    WIDTH="2307"
                    HEIGHT="75">
            <Shape><Polygon POINTS="372 987 372 1007 2679 1007 2679 987 2679 946 2434 932 2432 932 2430 932 2406 943 2362 932 2359 932 2357 932 2355 932 2331 946 2067 946 1994 932 1992 932 1990 932 1946 943 1840 932 1838 932 1736 943 1692 932 1690 932 1688 932 1686 932 1659 943 1552 932 1549 932 1547 932 1501 943 1452 932 1450 932 1448 932 1446 932 1411 943 1364 932 1362 932 1360 932 1358 932 1356 932 1336 946 1217 946 1173 932 1171 932 1168 932 1017 943 968 932 966 932 964 932 962 932 959 932 940 946 779 946 713 932 711 932 589 943 541 932 539 932 537 932 446 943 402 932 400 932 398 932 396 932 372 943 372 987"/></Shape>
	    <String CONTENT="dans le rocher qui descend vers le fond de la vallée. Ils montent de l’Hort-"
                    HPOS="372"
                    VPOS="932"
                    WIDTH="2307"
                    HEIGHT="75"></String>
          </TextLine>

          
          
          <TextLine ID="eSc_line_f0f76b28"
                    TAGREFS="LT4125"
                    BASELINE="372 1080 2679 1080" 
                    HPOS="372"
                    VPOS="1023"
                    WIDTH="2307"
                    HEIGHT="74">
            <Shape><Polygon POINTS="372 1080 372 1097 2679 1097 2679 1080 2679 1036 2637 1023 2635 1023 2632 1023 2467 1036 2461 1038 2315 1038 2311 1036 2287 1023 2285 1023 2282 1023 2280 1023 2241 1036 2236 1038 2104 1038 2097 1034 2075 1023 2073 1023 2071 1023 1998 1034 1996 1034 1992 1034 1924 1023 1921 1023 1919 1023 1917 1023 1899 1034 1893 1038 1712 1038 1701 1034 1677 1023 1675 1023 1673 1023 1576 1031 1530 1038 1312 1038 1298 1031 1283 1023 1281 1023 1279 1023 1276 1023 1252 1029 1237 1036 1224 1029 1208 1023 1206 1023 1204 1023 1160 1029 1124 1036 1100 1029 1076 1023 1074 1023 1072 1023 1069 1023 1045 1029 1021 1036 970 1029 924 1023 922 1023 887 1029 845 1036 790 1027 748 1023 746 1023 713 1027 662 1036 638 1027 631 1025 629 1025 627 1025 625 1025 616 1027 587 1036 372 1027 372 1080"/></Shape>
	    <String CONTENT="Malmort. L’escalier aboutit à une coursière qui dévale, roide, jusqu’à la"
                    HPOS="372"
                    VPOS="1023"
                    WIDTH="2307"
                    HEIGHT="74"
                    WC="0.9900963972141217"></String>
          </TextLine>

          
          
          <TextLine ID="eSc_line_0a6490d9"
                    TAGREFS="LT4125"
                    BASELINE="369 1166 2674 1170" 
                    HPOS="367"
                    VPOS="1113"
                    WIDTH="2307"
                    HEIGHT="72">
            <Shape><Polygon POINTS="369 1166 367 1181 2670 1185 2674 1170 2672 1126 1877 1115 1875 1115 1807 1124 1789 1126 1774 1124 1728 1115 1725 1115 1723 1115 1706 1124 1699 1128 1525 1128 1518 1124 1501 1113 1499 1113 1496 1113 1494 1113 1391 1124 1380 1124 1340 1124 959 1113 957 1113 955 1113 913 1124 906 1126 713 1126 711 1124 689 1113 686 1113 684 1113 631 1124 623 1124 609 1124 517 1113 515 1113 369 1122 369 1166"/></Shape>
	    <String CONTENT="rivière. Certains tiennent encore à la main les chaussures qu’ils ont ôtées"
                    HPOS="367"
                    VPOS="1113"
                    WIDTH="2307"
                    HEIGHT="72"
                    WC="0.9919917311849473"></String>
          </TextLine>

          
          
          <TextLine ID="eSc_line_b117f93d"
                    TAGREFS="LT4125"
                    BASELINE="372 1260 2128 1260" 
                    HPOS="372"
                    VPOS="1205"
                    WIDTH="1756"
                    HEIGHT="82">
            <Shape><Polygon POINTS="372 1260 372 1287 2128 1276 2128 1260 2128 1216 2095 1205 2093 1205 2091 1205 2089 1205 2042 1216 1534 1205 1532 1205 1459 1216 1444 1205 1441 1205 1439 1205 1437 1205 1435 1205 1386 1216 1301 1205 1298 1205 1157 1216 1096 1205 1094 1205 997 1216 918 1205 915 1205 816 1216 741 1205 739 1205 737 1205 695 1218 372 1218 372 1260"/></Shape>
	    <String CONTENT="pour passer l’eau. Ils ne les mettront qu’au dernier moment."
                    HPOS="372"
                    VPOS="1205"
                    WIDTH="1756"
                    HEIGHT="82"
                    WC="0.9910372644662857"></String>
          </TextLine>

          
          
          <TextLine ID="eSc_line_2a4d8ed3"
                    TAGREFS="LT4125"
                    BASELINE="482 1381 2676 1377" 
                    HPOS="479"
                    VPOS="1320"
                    WIDTH="2197"
                    HEIGHT="77">
            <Shape><Polygon POINTS="482 1381 482 1397 2674 1392 2676 1377 2672 1335 2604 1320 2602 1320 2520 1331 2445 1320 2443 1320 2441 1320 2439 1320 2419 1333 2417 1335 2080 1335 2078 1333 2056 1320 2053 1320 2051 1320 2049 1320 2047 1320 2005 1333 2001 1333 1996 1333 1913 1320 1820 1320 1818 1320 1816 1320 1813 1320 1794 1333 1791 1333 1761 1322 1758 1322 1756 1322 1754 1322 1714 1333 1710 1333 1708 1333 1679 1320 1677 1320 1675 1320 1615 1333 1607 1333 1587 1333 1477 1322 1474 1322 1472 1322 1470 1322 1455 1331 1448 1335 1415 1331 1353 1324 1351 1324 1252 1331 1195 1335 1186 1331 1168 1322 1166 1322 1164 1322 1162 1322 1131 1331 1116 1337 856 1337 840 1331 816 1322 814 1322 812 1322 479 1328 482 1381"/></Shape>
	    <String CONTENT="L’aubergiste savonne le menton d’un client. Celui-ci raconte une histoire"
                    HPOS="479"
                    VPOS="1320"
                    WIDTH="2197"
                    HEIGHT="77"
                    WC="0.9983340518115318"></String>
          </TextLine>

          
          
          <TextLine ID="eSc_line_bd69731d"
                    TAGREFS="LT4125"
                    BASELINE="369 1469 2681 1465" 
                    HPOS="367"
                    VPOS="1410"
                    WIDTH="2314"
                    HEIGHT="77">
            <Shape><Polygon POINTS="369 1469 369 1487 2679 1485 2681 1465 2676 1423 2192 1410 2190 1410 2188 1410 2186 1410 2164 1423 2161 1425 2084 1425 2082 1423 1998 1410 1996 1410 1994 1410 1965 1423 1924 1410 1921 1410 1919 1410 1917 1410 1871 1423 1820 1410 1818 1410 1816 1410 1813 1410 1811 1410 1787 1425 1629 1425 1536 1410 1534 1410 1532 1410 1530 1410 1507 1425 1470 1412 1468 1412 1466 1412 1463 1412 1422 1425 1419 1425 1415 1425 1314 1412 1312 1412 1248 1425 1204 1412 1201 1412 1199 1412 1197 1412 1195 1412 1173 1425 1094 1414 1091 1414 970 1425 926 1412 924 1412 922 1412 860 1423 774 1412 772 1412 770 1412 719 1425 684 1412 682 1412 680 1412 678 1412 636 1425 607 1412 605 1412 501 1412 499 1412 497 1412 468 1427 367 1427 369 1469"/></Shape>
	    <String CONTENT="en dialecte. L’aubergiste s’arrête, le blaireau levé. Dans l’histoire, il est"
                    HPOS="367"
                    VPOS="1410"
                    WIDTH="2314"
                    HEIGHT="77"
                    WC="0.9940700568730318"></String>
          </TextLine>

          
          
          <TextLine ID="eSc_line_12225f18"
                    TAGREFS="LT4125"
                    BASELINE="372 1562 2683 1555" 
                    HPOS="369"
                    VPOS="1500"
                    WIDTH="2314"
                    HEIGHT="77">
            <Shape><Polygon POINTS="372 1562 372 1577 2683 1570 2683 1555 2679 1513 2379 1500 2377 1500 2375 1500 2351 1513 2214 1513 2170 1500 2168 1500 2166 1500 2164 1500 2137 1511 2075 1500 2073 1500 2071 1500 2049 1511 1675 1502 1673 1502 1670 1502 1644 1513 1600 1502 1598 1502 1596 1502 1593 1502 1565 1513 1490 1502 1488 1502 1382 1513 1307 1502 1305 1502 1228 1513 1190 1502 1188 1502 1186 1502 1087 1515 526 1504 523 1504 369 1518 372 1562"/></Shape>
	    <String CONTENT="question du mort. Le narrateur l’appelle le Merdeux, vu l’odeur qu’il traînait"
                    HPOS="369"
                    VPOS="1500"
                    WIDTH="2314"
                    HEIGHT="77"
                    WC="0.9954572923575775"></String>
          </TextLine>

          
          
          <TextLine ID="eSc_line_0b21c93c"
                    TAGREFS="LT4125"
                    BASELINE="372 1650 2676 1650" 
                    HPOS="372"
                    VPOS="1595"
                    WIDTH="2304"
                    HEIGHT="81">
            <Shape><Polygon POINTS="372 1650 372 1663 918 1676 920 1676 1151 1665 1866 1665 1994 1676 1996 1676 2676 1663 2676 1650 2676 1610 2599 1595 2597 1595 2531 1608 2461 1595 2459 1595 2456 1595 2401 1610 1976 1610 1921 1595 1919 1595 1917 1595 1915 1595 1860 1608 1780 1595 1778 1595 1673 1606 1620 1595 1618 1595 1615 1595 1587 1610 1393 1610 1188 1595 1186 1595 1184 1595 1182 1595 1157 1610 805 1610 777 1595 774 1595 671 1595 669 1595 667 1595 625 1608 543 1595 541 1595 539 1595 537 1595 517 1608 372 1608 372 1650"/></Shape>
	    <String CONTENT="avec lui. Il le soupçonne d’avoir eu au derrière des gringuenaudes. Les"
                    HPOS="372"
                    VPOS="1595"
                    WIDTH="2304"
                    HEIGHT="81"></String>
          </TextLine>

          
          
          <TextLine ID="eSc_line_031a9d96"
                    TAGREFS="LT4125"
                    BASELINE="374 1742 2676 1735" 
                    HPOS="372"
                    VPOS="1680"
                    WIDTH="2304"
                    HEIGHT="86">
            <Shape><Polygon POINTS="374 1742 374 1766 2674 1757 2676 1735 2670 1683 2610 1696 2401 1696 2355 1685 2331 1680 2329 1680 2326 1680 2318 1685 2298 1696 2078 1696 2062 1687 2047 1680 2045 1680 1926 1680 1924 1680 1921 1680 1902 1689 1884 1698 1598 1698 1578 1691 1547 1683 1545 1683 1543 1683 1541 1683 1514 1691 1501 1696 1461 1691 1364 1683 1362 1683 1201 1696 1177 1696 1164 1696 1080 1685 1078 1685 957 1696 935 1698 911 1698 713 1685 711 1685 398 1689 396 1689 372 1698 374 1742"/></Shape>
	    <String CONTENT="gringuenaudes, ce sont les sonnailles, les crottes séchées qui collent au cul"
                    HPOS="372"
                    VPOS="1680"
                    WIDTH="2304"
                    HEIGHT="86"
                    WC="0.9987064426458334"></String>
          </TextLine>

          
          
          <TextLine ID="eSc_line_5ae1712e"
                    TAGREFS="LT4125"
                    BASELINE="372 1830 2681 1830" 
                    HPOS="372"
                    VPOS="1775"
                    WIDTH="2309"
                    HEIGHT="73">
            <Shape><Polygon POINTS="372 1830 372 1848 2681 1848 2681 1830 2679 1775 2593 1788 1809 1788 1752 1779 1710 1775 1708 1775 1706 1775 1695 1779 1681 1788 1402 1788 1371 1782 1325 1775 1323 1775 1320 1775 1301 1782 1287 1786 1270 1782 1232 1775 1230 1775 1188 1784 1171 1786 1160 1784 1135 1775 1133 1775 1131 1775 1039 1784 1008 1786 968 1784 810 1775 807 1775 805 1775 785 1786 781 1788 519 1788 451 1788 398 1775 396 1775 394 1775 372 1786 372 1830"/></Shape>
	    <String CONTENT="des moutons. L’aubergiste rit. Il pose son blaireau et empoigne un grand"
                    HPOS="372"
                    VPOS="1775"
                    WIDTH="2309"
                    HEIGHT="73"
                    WC="0.9956984577907456"></String>
          </TextLine>

          
          
          <TextLine ID="eSc_line_1595f437"
                    TAGREFS="LT4125"
                    BASELINE="369 1920 2676 1920" 
                    HPOS="369"
                    VPOS="1863"
                    WIDTH="2307"
                    HEIGHT="84">
            <Shape><Polygon POINTS="369 1920 369 1936 821 1936 878 1947 880 1947 1019 1936 1389 1936 1455 1947 1457 1947 2676 1933 2676 1920 2676 1878 2564 1863 2562 1863 2489 1878 2318 1878 2269 1863 2267 1863 2265 1863 2263 1863 2260 1863 2236 1878 1998 1878 1948 1863 1946 1863 1943 1863 1941 1863 1915 1876 1849 1865 1847 1865 1695 1876 1549 1863 1547 1863 1472 1876 1444 1863 1441 1863 1323 1863 1320 1863 1318 1863 1290 1878 1188 1878 1135 1863 1133 1863 1131 1863 1129 1863 1096 1876 1047 1863 1045 1863 1043 1863 1041 1863 1010 1876 981 1863 979 1863 840 1863 838 1863 836 1863 834 1863 816 1874 748 1863 746 1863 660 1876 609 1863 607 1863 605 1863 603 1863 600 1863 576 1878 369 1878 369 1920"/></Shape>
	    <String CONTENT="rasoir dont il déplie la lame. Il l’applique contre le gosier de son client."
                    HPOS="369"
                    VPOS="1863"
                    WIDTH="2307"
                    HEIGHT="84"
                    WC="0.9988291217135145"></String>
          </TextLine>

          
          
          <TextLine ID="eSc_line_a88214b6"
                    TAGREFS="LT4125"
                    BASELINE="372 2008 2681 2008" 
                    HPOS="372"
                    VPOS="1953"
                    WIDTH="2309"
                    HEIGHT="75">
            <Shape><Polygon POINTS="372 2008 372 2028 2681 2028 2681 2008 2681 1964 2507 1953 2505 1953 2503 1953 2478 1964 2474 1966 2144 1966 2137 1964 2080 1953 2078 1953 2075 1953 2049 1964 2047 1964 2045 1964 2001 1953 1998 1953 1996 1953 1919 1964 1915 1964 1910 1964 1855 1953 1853 1953 1851 1953 1818 1964 1816 1966 1593 1966 1587 1964 1463 1953 1461 1953 1356 1964 1303 1953 1301 1953 1298 1953 1261 1964 1166 1953 1164 1953 1162 1953 1131 1966 763 1966 660 1953 658 1953 523 1964 394 1953 391 1953 389 1953 387 1953 372 1962 372 2008"/></Shape>
	    <String CONTENT="Celui-ci fait encore une réflexion où il est question de l’argent, que n’avait"
                    HPOS="372"
                    VPOS="1953"
                    WIDTH="2309"
                    HEIGHT="75"
                    WC="0.997692384570837"></String>
          </TextLine>

          
          
          <TextLine ID="eSc_line_02f4427c"
                    TAGREFS="LT4125"
                    BASELINE="369 2101 1717 2096" 
                    HPOS="367"
                    VPOS="2043"
                    WIDTH="1350"
                    HEIGHT="84">
            <Shape><Polygon POINTS="369 2101 369 2127 1714 2114 1717 2096 1714 2054 1695 2043 1692 2043 1690 2043 1688 2043 1631 2054 1596 2043 1593 2043 1591 2043 1589 2043 1556 2057 1237 2057 1177 2043 1175 2043 1074 2054 1043 2043 1041 2043 1039 2043 1036 2043 1001 2054 629 2046 627 2046 367 2059 369 2101"/></Shape>
	    <String CONTENT="jamais réussi à avoir le malheureux pendard."
                    HPOS="367"
                    VPOS="2043"
                    WIDTH="1350"
                    HEIGHT="84"
                    WC="0.9985084663266721"></String>
          </TextLine>

          
          
          <TextLine ID="eSc_line_0075cf2b"
                    TAGREFS="LT4125"
                    BASELINE="488 2217 2681 2219" 
                    HPOS="486"
                    VPOS="2160"
                    WIDTH="2195"
                    HEIGHT="86">
            <Shape><Polygon POINTS="488 2217 486 2230 651 2246 653 2246 1142 2235 1243 2246 1246 2246 1356 2235 2503 2246 2505 2246 2679 2233 2681 2219 2679 2173 2219 2160 2216 2160 2214 2160 2186 2173 2181 2175 1974 2175 1968 2173 1926 2160 1924 2160 1921 2160 1919 2160 1917 2160 1897 2173 1893 2175 1807 2175 1800 2173 1765 2160 1763 2160 1761 2160 1758 2160 1756 2160 1736 2173 1732 2175 1582 2175 1578 2173 1543 2160 1541 2160 1538 2160 1430 2171 1384 2160 1382 2160 1380 2160 1378 2160 1375 2160 1358 2171 1303 2160 1301 2160 1298 2160 1296 2160 1276 2173 1274 2173 1268 2173 1210 2160 1208 2160 1206 2160 1162 2173 1153 2175 658 2175 647 2173 585 2160 583 2160 581 2160 578 2160 561 2173 556 2173 488 2173 488 2217"/></Shape>
	    <String CONTENT="— Et pourtant, ajoute-t-il, il était homme à se donner au Diable, poil et"
                    HPOS="486"
                    VPOS="2160"
                    WIDTH="2195"
                    HEIGHT="86"
                    WC="0.9808553759256998"></String>
          </TextLine>

          
          
          <TextLine ID="eSc_line_5f5ebb43"
                    TAGREFS="LT4125"
                    BASELINE="374 2310 1160 2310" 
                    HPOS="374"
                    VPOS="2257"
                    WIDTH="786"
                    HEIGHT="81">
            <Shape><Polygon POINTS="374 2310 374 2325 488 2338 490 2338 570 2327 759 2338 761 2338 763 2338 810 2327 999 2338 1001 2338 1160 2325 1160 2310 1160 2268 1124 2257 1122 2257 1120 2257 504 2268 493 2259 493 2257 490 2257 488 2257 389 2257 387 2257 385 2257 383 2257 374 2263 374 2310"/></Shape>
	    <String CONTENT="tout, pour un peu d’argent."
                    HPOS="374"
                    VPOS="2257"
                    WIDTH="786"
                    HEIGHT="81"
                    WC="0.9610017714677034"></String>
          </TextLine>

          
          
          <TextLine ID="eSc_line_1b29af90"
                    TAGREFS="LT4125"
                    BASELINE="482 2428 2298 2428" 
                    HPOS="482"
                    VPOS="2371"
                    WIDTH="1816"
                    HEIGHT="77">
            <Shape><Polygon POINTS="482 2428 482 2448 2298 2448 2298 2428 2298 2384 2271 2371 2269 2371 2170 2371 2168 2371 2166 2371 2137 2384 2051 2371 2049 2371 2047 2371 2009 2384 2009 2387 1699 2387 1697 2384 1681 2371 1679 2371 1677 2371 1675 2371 1673 2371 1633 2384 1629 2387 1461 2387 1457 2382 1441 2371 1439 2371 1437 2371 1435 2371 1367 2382 1351 2387 1237 2387 1230 2382 1206 2371 1204 2371 1201 2371 1199 2371 1171 2382 1164 2384 1155 2382 1131 2371 1129 2371 1127 2371 1124 2371 1096 2382 1087 2384 1063 2382 990 2371 887 2371 884 2371 882 2371 880 2371 867 2380 862 2384 834 2380 772 2371 770 2371 768 2371 739 2380 722 2387 658 2387 649 2380 640 2371 638 2371 636 2371 634 2371 631 2371 600 2380 581 2384 570 2380 552 2371 550 2371 548 2371 482 2378 482 2428"/></Shape>
	    <String CONTENT="L’aubergiste éloigne la lame qui accroche un rayon de soleil."
                    HPOS="482"
                    VPOS="2371"
                    WIDTH="1816"
                    HEIGHT="77"
                    WC="0.9933531361241494"></String>
          </TextLine>

          
          
          <TextLine ID="eSc_line_9362b4ae"
                    TAGREFS="LT4125"
                    BASELINE="488 2549 2674 2545" 
                    HPOS="486"
                    VPOS="2490"
                    WIDTH="2188"
                    HEIGHT="79">
            <Shape><Polygon POINTS="488 2549 488 2565 2670 2569 2674 2545 2668 2492 2313 2505 2263 2494 2238 2490 2236 2490 2234 2490 2223 2494 2203 2508 2005 2508 1974 2497 1948 2490 1946 2490 1943 2490 1855 2499 1783 2505 1767 2499 1747 2490 1745 2490 1743 2490 1741 2490 1706 2499 1697 2501 1681 2501 1582 2490 1580 2490 1578 2490 1543 2501 1521 2508 1435 2503 1345 2497 1342 2497 1309 2503 1290 2508 1283 2503 1272 2497 1270 2497 1268 2497 1265 2497 1210 2505 1184 2508 1162 2505 1089 2492 1087 2492 1032 2503 1014 2492 1012 2492 1010 2492 878 2492 876 2492 873 2492 832 2508 829 2508 821 2508 627 2492 625 2492 623 2492 620 2492 594 2510 486 2510 488 2549"/></Shape>
	    <String CONTENT="— Al jorn del jutjament, tant valdrà la merda coma l’argent, dit-il"
                    HPOS="486"
                    VPOS="2490"
                    WIDTH="2188"
                    HEIGHT="79"
                    WC="0.9984476689030143"></String>
          </TextLine>

          
          
          <TextLine ID="eSc_line_254a0582"
                    TAGREFS="LT4125"
                    BASELINE="374 2640 772 2640" 
                    HPOS="374"
                    VPOS="2585"
                    WIDTH="398"
                    HEIGHT="72">
            <Shape><Polygon POINTS="374 2640 374 2657 772 2657 772 2640 772 2602 488 2585 486 2585 374 2600 374 2640"/></Shape>
	    <String CONTENT="sentencieux."
                    HPOS="374"
                    VPOS="2585"
                    WIDTH="398"
                    HEIGHT="72"
                    WC="0.9992186377445856"></String>
          </TextLine>

          
          
          <TextLine ID="eSc_line_e16e2f52"
                    TAGREFS="LT4125"
                    BASELINE="479 2763 2679 2758" 
                    HPOS="477"
                    VPOS="2701"
                    WIDTH="2202"
                    HEIGHT="77">
            <Shape><Polygon POINTS="479 2763 479 2778 2676 2774 2679 2758 2674 2717 2432 2717 2430 2714 2412 2703 2410 2703 2408 2703 2406 2703 2403 2703 2364 2714 2362 2717 2020 2717 2016 2714 1998 2701 1996 2701 1994 2701 1992 2701 1990 2701 1948 2714 1780 2714 1772 2712 1728 2701 1725 2701 1723 2701 1600 2712 1545 2719 1364 2719 1353 2712 1342 2703 1340 2703 1338 2703 1336 2703 1285 2712 1261 2714 1230 2712 1164 2703 1162 2703 1160 2703 1157 2703 1146 2710 1138 2717 1124 2710 1105 2703 1102 2703 1100 2703 1067 2710 1039 2717 986 2710 924 2703 922 2703 477 2708 479 2763"/></Shape>
	    <String CONTENT="Le client rit. Pour sûr. Merde ou pas merde, argent ou pas argent, on sera"
                    HPOS="477"
                    VPOS="2701"
                    WIDTH="2202"
                    HEIGHT="77"
                    WC="0.9951587478319804"></String>
          </TextLine>

          
          
          <TextLine ID="eSc_line_b676c99c"
                    TAGREFS="LT4125"
                    BASELINE="372 2851 2676 2846" 
                    HPOS="369"
                    VPOS="2794"
                    WIDTH="2307"
                    HEIGHT="74">
            <Shape><Polygon POINTS="372 2851 372 2868 2674 2868 2676 2846 2670 2794 369 2796 372 2851"/></Shape>
	    <String CONTENT="bien tous logés à la même enseigne. Il est un peu gris. Il vient de loin. Il"
                    HPOS="369"
                    VPOS="2794"
                    WIDTH="2307"
                    HEIGHT="74"
                    WC="0.9900208221206183"></String>
          </TextLine>

          
          
          <TextLine ID="eSc_line_db37c9ff"
                    TAGREFS="LT4125"
                    BASELINE="374 2941 2679 2937" 
                    HPOS="372"
                    VPOS="2879"
                    WIDTH="2307"
                    HEIGHT="77">
            <Shape><Polygon POINTS="374 2941 374 2956 2676 2954 2679 2937 2674 2890 2307 2879 2304 2879 2302 2879 2280 2890 2278 2893 1998 2893 1998 2890 1904 2879 1902 2879 1838 2890 1776 2879 1774 2879 1692 2890 1637 2879 1635 2879 1554 2890 1530 2879 1527 2879 1525 2879 1446 2893 1444 2893 1435 2893 1199 2882 1197 2882 992 2893 940 2882 937 2882 871 2893 801 2882 799 2882 796 2882 772 2893 678 2882 675 2882 673 2882 640 2893 565 2882 563 2882 455 2893 411 2882 409 2882 407 2882 405 2882 372 2893 374 2941"/></Shape>
	    <String CONTENT="s’appelle Cinabre. Le mort était son frère. Lui, il a fait ses trente kilomètres à"
                    HPOS="372"
                    VPOS="2879"
                    WIDTH="2307"
                    HEIGHT="77"
                    WC="0.9955676953459895"></String>
          </TextLine>

          
          
          <TextLine ID="eSc_line_ff5bcbaa"
                    TAGREFS="LT4125"
                    BASELINE="372 3029 2681 3029" 
                    HPOS="372"
                    VPOS="2976"
                    WIDTH="2309"
                    HEIGHT="79">
            <Shape><Polygon POINTS="372 3029 372 3042 900 3055 902 3055 1014 3044 1019 3044 1036 3055 1039 3055 1041 3055 1043 3055 1190 3044 1201 3044 2249 3044 2271 3044 2412 3055 2414 3055 2681 3044 2681 3029 2681 2987 2648 2976 2646 2976 2643 2976 2586 2989 2425 2989 2397 2976 2395 2976 2271 2976 2269 2976 2267 2976 2265 2976 2247 2987 2183 2976 2181 2976 2124 2987 2014 2976 2012 2976 1941 2987 1904 2976 1902 2976 1899 2976 372 2985 372 3029"/></Shape>
	    <String CONTENT="travers la montagne pour venir à l’enterrement. Pour le distinguer du"
                    HPOS="372"
                    VPOS="2976"
                    WIDTH="2309"
                    HEIGHT="79"
                    WC="0.9956037512847355"></String>
          </TextLine>

          
          
          <TextLine ID="eSc_line_70d17c23"
                    TAGREFS="LT4125"
                    BASELINE="372 3121 2674 3115" 
                    HPOS="369"
                    VPOS="3060"
                    WIDTH="2305"
                    HEIGHT="79">
            <Shape><Polygon POINTS="372 3121 372 3139 2672 3135 2674 3115 2670 3073 2505 3073 2503 3071 2481 3060 2478 3060 2476 3060 2474 3060 2443 3071 2441 3071 2313 3060 2311 3060 2309 3060 2280 3071 2278 3073 1950 3073 1946 3071 1910 3060 1908 3060 1906 3060 1904 3060 1873 3071 1864 3073 1860 3071 1847 3062 1844 3062 1842 3062 1840 3062 1791 3071 1774 3073 1758 3071 1725 3062 1723 3062 1721 3062 1684 3071 1666 3073 1644 3071 1593 3062 1591 3062 1589 3062 1565 3071 1554 3073 1543 3071 1518 3062 1516 3062 1514 3062 1389 3069 1320 3073 1294 3069 1248 3062 1246 3062 1243 3062 1228 3069 1217 3073 1188 3069 1140 3062 1138 3062 1135 3062 1116 3069 1098 3075 1080 3069 1065 3064 1063 3064 1061 3064 1028 3069 984 3075 920 3069 876 3064 873 3064 834 3069 772 3075 369 3069 372 3121"/></Shape>
	    <String CONTENT="braconnier, on l’appelle Cinabre Aîné. Au réveil, il a commencé par lamper"
                    HPOS="369"
                    VPOS="3060"
                    WIDTH="2305"
                    HEIGHT="79"
                    WC="0.9894560399727944"></String>
          </TextLine>

          
          
          <TextLine ID="eSc_line_4d85a0a7"
                    TAGREFS="LT4125"
                    BASELINE="372 3209 2672 3209" 
                    HPOS="372"
                    VPOS="3154"
                    WIDTH="2300"
                    HEIGHT="80">
            <Shape><Polygon POINTS="372 3209 372 3227 2670 3234 2672 3209 2672 3170 2553 3154 2551 3154 2456 3165 2423 3154 2421 3154 2419 3154 2111 3168 1974 3154 1972 3154 1970 3154 1943 3168 1873 3157 1871 3157 1708 3168 1686 3154 1684 3154 1681 3154 1679 3154 1677 3154 1637 3170 1455 3170 1400 3154 1397 3154 1395 3154 1393 3154 1391 3154 1367 3170 1292 3170 1217 3154 1215 3154 1212 3154 1184 3168 1162 3154 1160 3154 1157 3154 1155 3154 904 3165 856 3154 854 3154 851 3154 849 3154 847 3154 827 3168 658 3168 539 3154 537 3154 534 3154 499 3170 372 3170 372 3209"/></Shape>
	    <String CONTENT="son plein verre à moutarde d’eau-de-vie; et ensuite, dame, trente kilomètres,"
                    HPOS="372"
                    VPOS="3154"
                    WIDTH="2300"
                    HEIGHT="80"
                    WC="0.9896380871157103"></String>
          </TextLine>

          
          
          <TextLine ID="eSc_line_3f3b497f"
                    TAGREFS="LT4125"
                    BASELINE="372 3302 2674 3297" 
                    HPOS="369"
                    VPOS="3238"
                    WIDTH="2305"
                    HEIGHT="86">
            <Shape><Polygon POINTS="372 3302 372 3322 2670 3324 2674 3297 2670 3256 2551 3238 2549 3238 2547 3238 2516 3256 2359 3256 2280 3238 2278 3238 2276 3238 2245 3256 2177 3256 2113 3238 2111 3238 2108 3238 2106 3238 2075 3256 1785 3256 1736 3238 1734 3238 1732 3238 1730 3238 1699 3256 1611 3256 1538 3238 1536 3238 1534 3238 1532 3238 1503 3258 1378 3258 1318 3240 1316 3240 1314 3240 1235 3256 1204 3240 1201 3240 1199 3240 1197 3240 1149 3256 1083 3240 1080 3240 1078 3240 1047 3258 997 3258 962 3240 959 3240 957 3240 845 3253 818 3240 816 3240 488 3240 486 3240 484 3240 453 3258 369 3258 372 3302"/></Shape>
	    <String CONTENT="ça fait Soif, il a bien dû s’arrêter quelques fois encore. Pour l’instant, il a,"
                    HPOS="369"
                    VPOS="3238"
                    WIDTH="2305"
                    HEIGHT="86"
                    WC="0.9992743601281959"></String>
          </TextLine>

          
          
          <TextLine ID="eSc_line_f22e79e2"
                    TAGREFS="LT4125"
                    BASELINE="372 3394 2674 3383" 
                    HPOS="369"
                    VPOS="3330"
                    WIDTH="2305"
                    HEIGHT="88">
            <Shape><Polygon POINTS="372 3394 372 3418 2672 3405 2674 3383 2670 3344 2586 3330 2584 3330 2582 3330 2580 3330 2560 3344 1791 3344 1756 3333 1754 3333 1752 3333 1750 3333 1712 3346 1492 3335 1490 3335 1488 3335 1485 3335 1466 3346 970 3337 968 3337 757 3350 587 3339 585 3339 583 3339 561 3350 402 3339 400 3339 398 3339 369 3350 372 3394"/></Shape>
	    <String CONTENT="posés sur le parapet devant lui, une chopine de piquette et un verre, tous les"
                    HPOS="369"
                    VPOS="3330"
                    WIDTH="2305"
                    HEIGHT="88"
                    WC="0.98737371873252"></String>
          </TextLine>

          
          
          <TextLine ID="eSc_line_eb42b876"
                    TAGREFS="LT4125"
                    BASELINE="372 3478 2676 3478" 
                    HPOS="372"
                    VPOS="3425"
                    WIDTH="2304"
                    HEIGHT="73">
            <Shape><Polygon POINTS="372 3498 2676 3498 2676 3478 2674 3425 2542 3436 2113 3427 1961 3425 1959 3425 1937 3429 1897 3438 1197 3438 1153 3434 1047 3425 1045 3425 1043 3425 1014 3434 1006 3436 995 3434 951 3425 948 3425 880 3436 865 3436 849 3436 759 3425 757 3425 640 3436 636 3436 634 3436 578 3425 576 3425 521 3436 398 3425 396 3425 394 3425 372 3436 372 3478"/></Shape>
	    <String CONTENT="deux pleins. Il rigole. Pour rien, pour tout; parce qu’il fait beau, parce qu’il"
                    HPOS="372"
                    VPOS="3425"
                    WIDTH="2304"
                    HEIGHT="73"
                    WC="0.9954738266766071"></String>
          </TextLine>

          
          
          <TextLine ID="eSc_line_b53098a0"
                    TAGREFS="LT4125"
                    BASELINE="372 3572 2679 3568" 
                    HPOS="369"
                    VPOS="3513"
                    WIDTH="2310"
                    HEIGHT="79">
            <Shape><Polygon POINTS="372 3572 372 3592 2676 3592 2679 3568 2674 3522 2265 3513 2263 3513 2181 3522 2164 3524 2155 3522 2119 3513 2117 3513 2115 3513 2113 3513 2089 3524 2086 3524 2084 3524 2062 3513 2060 3513 2058 3513 1932 3524 1917 3524 1899 3513 1897 3513 1895 3513 1893 3513 1772 3524 1765 3524 1756 3524 1653 3513 1651 3513 1648 3513 1626 3524 1624 3526 1133 3526 1131 3526 1085 3515 1083 3515 1080 3515 900 3526 746 3515 744 3515 741 3515 719 3526 607 3515 605 3515 484 3526 455 3515 453 3515 451 3515 369 3528 372 3572"/></Shape>
	    <String CONTENT="est content d’être arrivé; parce que son frère est mort dans l’indigence et"
                    HPOS="369"
                    VPOS="3513"
                    WIDTH="2310"
                    HEIGHT="79"
                    WC="0.997925497782536"></String>
          </TextLine>

          
        </TextBlock>
        

        
      </PrintSpace>
    </Page>
  </Layout>
</alto>
