3060 3960
369 453 2305 86 ironique qui tord les lèvres du patriarche rien que pour l’emmalicer, et ses

482 367 2194 79 Le prêtre marque une pause; il a le temps de remarquer le sourire

374 545 711 73 frénésies le reprennent.

484 660 2184 81 — Eh oui, il sera trop tard! Et là, tu chanteras une autre chanson...

369 752 2310 75 Bienheureux ceux qui sont pauvres, dénués de tout bien, et qui acceptent leur

372 844 2309 71 humiliation comme un remède contre la superbe! Voilà ce que tu

367 928 2312 79 chanteras !... Qu’est-ce que dit l’Evangile?... Mettez-vous à la dernière

367 1020 2314 86 place. Bienheureux vous serez quand on dira du mal de vous... Oui, Dieu

372 1111 2311 77 aime les humbles. Tous les Saints ont aimé l’humilité: elle est le fondement

369 1201 2307 77 et la gardienne des vertus, le remède à nos misères, le secret du bonheur.

369 1293 2307 77 Apprenez donc à être humbles, et votre âme pourra comparaître au Tribunal

372 1381 490 77 de Dieu. Amen.

486 1500 2195 86 Eugène, une sorte de colosse imbécile et Nane, l’autre jumelle ont

369 1590 2305 84 entraîné dehors Mariette qui s’étrangle de rire. Le patriarche a ses idées,

367 1683 2309 77 mais il n’autoriserait pas un scandale susceptible de rejaillir sur un membre

369 1768 890 86 de la famille, fût-il un prêtre.

482 1894 2197 72 Quelques instants plus tard, quatre fermiers endimanchés sortent de la

372 1982 2304 83 grange. Ils portent le cercueil de sapin goudronné autour de quoi voltigent les

367 2072 2307 77 mouches inlassables. D’autres suivent, piétinant la poussière. Le cortège se

372 2160 273 86 déploie.

479 2279 2197 77 Nul du village n’est absent. Les doutes qu’éveillent la mort mystérieuse

369 2371 2305 82 ont cimenté la communauté. En tête marchent les enfants de chœur et le curé,

372 2461 2304 73 fourbu, découragé, les pieds trop serrés dans des sandales noires. Puis le

367 2552 2309 85 cercueil et ses porteurs... Le frère, quelques cousins... De vagues parentes

369 2644 2312 75 suivent, se soutenant l’une l’autre avec les grimaces de circonstance, dans un

367 2732 2309 75 enchevêtrement de voiles noirs et de paille vernie. Derrière encore, le reste

369 2822 2307 77 de la population, soit peu de monde, mais strictement habillé. Des coupures

369 2910 2305 79 de rasoir raient la pomme d’Adam des hommes, au — dessus des cols à

369 3009 2305 71 longues pointes. Les doigts calleux tripotent des chapeaux noirs. Des petites

374 3095 2307 73 vieilles noiraudes et actives, l’épingle au chapeau rond, se recroquevillent

372 3183 675 81 sur leur sac de perles.

482 3300 2199 88 Le vieux Mistigri, son fils Eugène, sa femme et ses filles viennent

369 3390 2301 79 ensuite. Leur absence serait impensable. Ils resteront jusqu’au bout. Le Ton¬

369 3482 2120 77 ton et la négresse, dont la traîne balaie la poussière, ferment le cortège.
