3060 3960
477 363 2199 85 De la porte, il vient de suivre le départ du break. Maintenant, il regagne

369 455 2312 73 l’intérieur. Dans sa main, il serre une petite médaille en or sur laquelle sont

374 541 1389 83 gravés les prénoms Florine, Françoise, Marie.

479 660 2197 77 Mistigri traverse la grande salle, se dirige vers la cheminée. La hotte

369 750 2307 77 taillée dans la pierre noire est immense. On peut s’asseoir à l’intérieur sur

372 844 2304 80 deux bancs de chêne qui se font face. Une baguette est posée sur l’un d’eux,

374 935 2302 74 une bonne longueur de coudrier souple qui pourrait faire une moitié de canne

372 1023 865 74 à pêche. Le vieux s’en saisit.

484 1141 2195 77 Mistigri suit un couloir creusé dans la lave. Pour la deuxième fois de la

367 1229 2309 91 journée, il pénètre dans une petite chambre blanche voûtée, une ancienne

367 1320 1433 77 chapelle, où sa fille, la meurtrière, est prostrée.

479 1449 2197 80 Bien vite, en quelques phrases sèches, dans la langue, il a expliqué à

369 1529 2307 81 l’enfant qu’elle n’a plus rien à craindre de la justice des hommes. Mariette

374 1619 698 81 garde les yeux baissés.

482 1744 1558 75 Il la sermonne alors avec violence, au nom de Dieu.

482 1854 262 82 Elle rit.

482 1980 2194 88 — Père, dit-elle en français, vous ne croyez pas à toutes ces histoires de

372 2076 733 77 Bon Dieu, n’est-ce pas?

477 2189 2204 79 Dans la famille Charvaysse, le vouvoiement est de rigueur quand on

372 2281 2300 86 s’adresse en français au Père, mais par le changement de ton et de langue,

374 2376 1723 72 Mariette retourne en insolence cette marque de déférence.

477 2490 1028 90 — Impudique, jappe le patriarche.

479 2609 2197 79 L'enfant lève alors les yeux, affronte le regard de son père. Dans la

369 2710 2312 77 langue, elle lui rappelle ce que lui, Mistigri, et son frère Léon, avant

369 2791 2312 77 Cayenne, avaient dit à l’ancien curé pour le faire bisquer; qu’ils ne croyaient

369 2882 2310 74 ni à Dieu ni à Diable, qu’ils vomissaient cette idée de Dieu et qu’en signe de

369 2972 2310 88 protestation, ils se feraient enterrer dans un drapeau rouge, le corps à la

374 3064 2307 73 verticale, la tête en bas; c’était même à cause de cela, parce qu’ils faisaient

372 3148 2302 88 les esprits forts, que l’oncle Géraud s’est fait curé et qu’il fait pénitence pour

369 3260 150 66 eux.

484 3359 742 86 — C’est faux, dit le père.

484 3476 728 88 — C’est vrai, dit la fille.
