3060 3960
372 365 2304 72 à la peine, dur au mésaise... A croire qu' t’es pas mon frère. A croire qu' la

369 453 2156 75 race est perdue des mâles d’aut' fois qui craignaient pas à la rencontre...

482 569 979 86 Mistigri se tait. Il y a un silence.

477 690 2202 84 — Tu sais, dit le vieux d’une voix radoucie, tu peux t' fier à moi, j' dis tout

369 783 1649 86 ça pas pour t’emmalicer, seulement par fraternité vraie.

479 904 2202 72 L’abbé accuse le coup. Pour assurer un maintien, il ôte son surplis et en

369 992 1057 81 casse le pli amidonné sur son bras.

493 1108 2175 91 — Oui, insiste Mistigri, pour te dire, voilà comme j' vois les choses,

369 1203 185 81 curé.

484 1320 352 83 — Tais-toi.

484 1443 1213 86 — Tu m' calotterais que j' me tairais pas.

479 1559 2200 93 Mistigri ricane. Le prêtre détourne la tête. La fabrication du plancher

369 1652 2307 83 avance. A grands coups de masse, avec des han puissants, les forains

367 1742 2309 77 enfoncent dans le sol les pieux de fer qui doivent assurer l’équilibre de la

367 1830 2309 86 charpente. Suivi de son frère, l’abbé Charvaysse s’avance à grandes

372 1922 2304 75 enjambées en direction de la 2 CV. Convenablement espacés, les coups de

369 2013 2307 74 marteau des forains donnent l’air de vouloir rythmer sa marche. Le prêtre

372 2101 2304 79 s’arrête agacé. Les coups cessent immédiatement. L’abbé se retourne et toise

369 2200 2310 68 les trois forains qui se sont dressés, tête levée. Les gars sourient vaguement

369 2281 2307 75 en le dévisageant, puis ils se remettent au travail. Le prêtre hausse

369 2371 2303 79 imperceptiblement les épaules et plonge son regard dans celui de Mistigri.

372 2461 1985 75 Les ailes de son nez se sont pincées, il se mord la langue et le bec.

482 2582 1932 75 — Je n’ai pas peur, Michel, dit-il sans presque remuer les lèvres.

477 2699 2199 79 Les coups se sont arrêtés. Dans le silence un vrombissement éclate. Une

369 2791 2310 75 Alouette vient de surgir derrière une croupe boisée. Le bruit de son moteur

367 2879 2314 80 répété en écho remplit l’espace. En se balançant, l’hélicoptère suit un éperon

369 2974 1383 73 rocheux et se dirige vers le panache de fumée.

484 3091 2197 77 — Tu comprends, murmure l’abbé, ce n’est pas à nous d’agir. Il faudrait

369 3181 733 86 prévenir les gendarmes.

484 3304 2190 81 — Les gendarmes! s’exclame Mistigri. Pour me tenir en repos, moi,

372 3394 2307 77 faudrait que j' sois bien empêché. Tant qu’y aura à faire, j’irai toujours: on

369 3482 755 86 peut faire qu’en faisant...
