2550 3300
401 330 1832 66 Dès qu’on a passé le petit pont au dos d’âne gazonné, le chemin monte

308 401 748 77 jusqu'au domaine de Mistigri.

404 500 1829 72 La pleine lune éclaire le feutre cabossé rabattu sur les yeux du vieux.

310 572 1923 71 Escorté de son chien fou, il vient d’abandonner le chemin et grimpe par le

310 638 1929 90 flanc de la pente lorsquil entend l’avion. Il tient à la main un fusil à deux

310 731 1923 66 canons. Avec ses bras en balancier et sa houppelande qui flotte autour de lui,

308 794 1925 75 sa silhouette évoque un oiseau nocturne géant. Il s’arrête sous un chène

310 882 1923 64 dévoré par la mousse, prête l’oreillç, tâchant d’entendre à travers les rumeurs

310 940 212 80 du bois.

404 1042 1829 77 Un gros volatile, chouette ou grand-duc, s’envole, se réfugie plus loin.

305 1119 1931 77 Au-dessus de lui, Mistigri devine les bâtiments, un contrefort, la rondeur

310 1207 729 63 d’une tour. Il reprend souffle.

404 1300 1832 69 Le bruit de l’avion se fait plus précis. Le vieux peut voir les feux de

308 1372 1928 69 l'appareil glisser au-dessus de la dentelure noire du Cézallier. Il continue de

313 1457 1923 69 grimper, ses souliers butant dans la rocaille. Quand il s’arrête, il se trouve

310 1526 1926 69 sur un ressaut de basalte où foisonnent les genêts, presque de plain-pied

308 1603 473 66 avec son domaine.

401 1702 1832 69 La cour de la bastide est éclairée par un feu d’enfer. Ce sont ses meubles

308 1782 1925 63 qui achèvent de brûler. Des silhouettes s’agitent, poussent des choses dans le

310 1845 1920 74 brasier qui les absorbe en ronflant; lorsqu'elles passent près du feu, Mistigri

310 1916 1926 88 peut reconnaître des visages. Voici la Mariette, sa plus jeure fille. Nue au

310 1993 1923 77 milieu des Bougnoules, elle danse en brandissant un grand coutelas qui

308 2068 434 77 dégoutte de sang.

404 2175 1832 69 Le vieux fait quelques pas. Il titube. Son fusil levé contre le ciel, il

308 2244 1925 79 gesticule en hurlant des imprécations. De voir ainsi sa femme, ses filles, il

310 2332 1923 63 enrage. Il lui faut se précipiter chez lui, rétablir l’ordre. Il dévale la pente,

310 2389 1923 77 tombe dans un lieu vague de broussailles. Il lui parvient des odeurs de

310 2483 1915 63 menthe sauvage. Il remonte, arrive à la poterne qui ouvre la cour de la ferme.

401 2576 1829 69 Les étables sont ouvertes. Les vaches essaient de fuir dans l’obscurité.

308 2640 1928 77 Hommes et femmres, gourdin en main, les obligent à tourner autour de

308 2728 1925 79 l’incendie en un carrousel fantastique. Au-dessus, l’avion qui a changé de

310 2807 1560 66 route décrit des cercles, serrant au plus près la colonne de feu.
