2550 3300
500 360 1486 91 interlocuteur et “tous les sottisieux, les ceusses-là

500 429 1483 112 de grands bêtisieux, de bon Dieu de journaleux qui

500 514 1477 104 trafiquiont avec le diable“. Invoquant le Christ et le

500 599 1475 96 saint tabernacle, il manda “cestuy-là de farfouil¬

497 690 1483 96 leux de s’occuper que de son darrière” et conclut

497 770 1480 93 hors caméra en joignant à sa mise en demeure des

503 863 1469 94 voies de faits sur la personne du grand fouille-merde.

569 932 1403 102 En France, sur une chaîne de télévision privée,

497 1031 1475 80 la productrice du tristement célèbre Coupables

497 1119 1478 77 non identifiés, se prévalant des requêtes des familles

497 1199 1475 79 de la vingtaine d’enfants disparus du bateau avec

497 1273 1478 88 le prêtre qui les accompagnait, fit un numéro spécial

497 1369 1478 77 en coproduction avec Retrouvailles, sœur jumelle

492 1435 1483 94 de l’émission précédente. Son Vaisseau des morts

497 1515 1475 96 qui décryptait à sa façon le “mystère des enfants

497 1600 1472 102 perdus“ eut trois diffusions dans la même semaine.

492 1685 1483 91 Le show rapporta d’énormes parts de marché et fit

492 1768 1480 99 sauter l’audimat; il fut aussitôt vendu à une chaîne

495 1848 872 107 généraliste du service public.

563 1922 1403 107 Le Jack Laguiole, dit le Magnifique, alias le Gros,

486 2015 1480 102 également surnommé “la honte de l’Auvergne”,

489 2095 1480 102 s’y était illustré dans une de ses présentations lar¬

486 2189 1486 96 moyantes dont il avait le secret en l’assortissant de

484 2268 1491 94 témoignages en live de parents de disparus. Quant

484 2362 1491 93 au docudrama malhonnête qui accompagnait cet

481 2428 1491 110 effroyable exercice de style, la chaîne avait raffiné

481 2513 1491 107 en louant au prix fort à l’Association chrétienne

478 2596 1499 110 des amis de l’enfance la Sainte-Pélagie, ancien

478 2689 1491 105 terre-neuvas frété par l’organisation caritative pour

475 2772 1500 181 recycler les petits criminels et autres enfants à

475 2868 344 137 problèmes.

1903 2986 66 116 19
