2550 3300
572 299 1502 102 appelèrent et ils eurent beau parcourir le navire en

572 376 1502 108 tous sens, ils ne trouvèrent personne. Ils étaient sur¬

572 464 1504 113 tout surpris de la propreté qui régnait à bord. Le

574 555 1497 110 plancher avait été récuré avec minutie et tout sem¬

574 640 872 108 blait méticuleusement rangé.

654 720 1417 116 — A part la soupe oubliée sur le feu, rien ne

574 822 600 102 traîne, dit le patron.

657 907 600 96 — Et ça? fit Yvon.

646 987 1007 104 — Putain ! ce que ca schlingue!

646 1086 1422 93 Ils venaient de pénétrer dans le carré dont ils

577 1166 1488 99 avaient dû forcer la porte et Yvon désignait une

583 1251 1477 110 grosse corde cisaillée à une vingtaine de centi¬

577 1339 1491 102 mètres du plafond. Il y avait juste en dessous une

583 1421 1477 108 vaste flaque nauséabonde où crevaient des bulles,

580 1509 1480 105 un ignoble margouillis de pisse, de sang et de merde

580 1595 1367 104 mélés avec, à proximité, un tabouret renversé.

1306 1836 38 111 *

574 2026 1486 91 Le “Navire fantôme” eut les honneurs de la presse

574 2103 1486 105 internationale en mal de cauchemars et François

569 2194 1483 110 Ladouceur eut le privilège de passer aux infor¬

572 2274 269 93 mations.

638 2365 1425 110 Le patron de La Jarnigoine se montra gêné devant

566 2442 1483 107 la caméra, tellement emprunté que son intervie-

572 2535 1491 113 weur finit par insinuer à brûle-pourpoint qu’il en

566 2620 1497 113 savait probablement davantage qu’il ne voulait en

563 2706 1494 115 dire. Aussitôt, François, que ses proches consi¬

563 2785 1494 110 déraient comme une “sacrée foutue soupe au lait”,

566 2871 1497 132 s’emporta. Il hurla à la cantonade, insultant son

569 3036 91 90 18
