1639 2550
461 303 1031 90 (Oui, aussi vrai que le soufflle de Satan crée les

416 376 1080 70 tempêtes qui soulèvent les eaux salées jusqu’aux

416 433 1082 74 nuages, je tâche de me respecter. C'est pour ça que

425 495 1077 76 je n’ai pas voulu que les forces du Mal mettent

429 552 1073 79 leur nez là-dedans. On peut dire tout ce qu’on

433 614 1069 74 veut de ce chenapan de Pipeau, mais il se respecte!

437 673 949 79 Comme je suis sûr que vous vous respectez.

491 731 1016 74 Le malheureux gamin (que Dieu ait son âme,

440 792 1075 72 je ne peux imaginer qu’elle soit si noire qu’il le

446 852 1071 70 dit!) ne voulait causer qu’à vous seule, vous étiez

450 903 1067 83 la seule personne pour laquelle il avait encore de

452 964 189 73 l’estime.

508 1026 1011 66 Moi non plus, je n’ai jamais pu marcher en cour¬

461 1083 1058 70 bant la tête. Je ne vais pas vous raconter ma vie,

463 1141 1065 63 sachez seulement que j’aurais pu devenir comme

463 1196 1067 72 lui. Ça, je l’ai bien compris, mademoiselle. Et

465 1262 1065 74 aussi, quand on est au centre de tant de malfai¬

469 1309 736 80 sances, c'est que le diable l’a dicté.

531 1368 1005 74 Vous, je sais que vous faites pour le Bien. C'est

471 1434 1068 81 pourquoi je vous envoie dans la confidence tout

471 1485 521 76 ce bataclan pas joli joli.

525 1540 1014 72 Au revoir, ma chère mademoiselle Luna, rece¬

476 1602 1060 83 vez avec mon adieu toutes mes fidèles, très res¬

471 1668 683 66 pectueuses et honnêtes pensées.

533 1719 504 80 Très sincèrement vôtre.

750 1789 797 95 (Trançois Ladouceur, patron pécheur.

525 1891 1022 76 La psy ne se respecte plus depuis longtemps et

469 1957 1076 61 elle s’attend au pire ; aussi hésite-t-elle longtemps

469 2012 1076 74 (avant d’ouvrir le paquet. Quand finalement elle se

467 2074 1078 80 décide, elle commence par poser samince cigarette

467 2163 60 106 24
