2550 3300
580 332 1466 88 se réapprovisionner en fuel. Il fallait compter pas

577 418 1466 82 moins de trois heures pour y arriver. Au moins,

580 495 1466 101 pensait le François, la mer est calme, mais tout

580 588 1461 83 bon pêcheur sait que ce n’est oncques ce que le

580 660 468 112 poisson préfère.

654 745 1387 102 Plus ou moins affalé sur le gouvernail, le patron

580 830 1455 96 bâillait. Plus que dix minutes et je passe la timo¬

577 926 1447 91 nerie au Yvon, c’était bien son tour à ce bon sang

580 998 388 104 d'efflintché!

654 1075 1376 99 Soudain le François tendit le cou. Une faible

583 1171 1447 85 brise venait de se lever. Contre toute attente, cette

583 1245 1441 94 subtile agitation se mit à dissiper le brouillard épais,

580 1328 1444 93 à le déchirer comme si ce n’était que brume, bou¬

583 1410 1441 91 cane légère, misérable buée et, avant que ce piètre

583 1490 1436 94 cache-misère eût tout à fait disparu, une lune éton¬

583 1573 1438 93 nante apparut, pleine, très basse sur l’horizon. Bien

583 1655 1438 88 qu’elle fût inattendue, ce ne fut pas son apparition

588 1746 1431 82 qui fit frissonner le marin. C’était une tout autre

588 1812 1431 88 vision qui lui grattait tant les nerfs au François! Si

580 1892 1439 90 tellement amazing! se disait-il. Oui une vision de

580 1971 927 91 cauchemar, à te faire grincher...

654 2057 1359 85 Du coup, pour se rassurer, il alla quérir les jumelles

580 2142 1433 77 rangées dans la caisse derrière lui sur la paroi de

580 2219 1433 82 l’habitacle. Mais, vu à travers ces carreaux-la, c’était

577 2290 1433 94 encore bien pis: ce qui lui apparaissait icitte dans

577 2367 1431 94 le travers de l’oculaire, c’était un grand voilier,

572 2461 1436 77 pareil comme le vaisseau du Hollandais volant.

574 2530 1434 96 Les voiles tendues à craquer. Un superbe navire

572 2618 1436 85 de haut vol avec, au faîte du mât, claquant dans le

580 2697 1428 83 vent, un drapeau tout ce qu’il y a de plus noir. Nenni

572 2766 1436 113 qu’il révât, le François. Ce qui se déployait dans la
