2550 3300
932 445 616 129 VENDÉMIAIRE

316 772 1829 97 Philippe Topineau était assis seul dans le carré obscur.

316 866 1829 107 Il portait des bottes de caoutchouc, un ciré jaune.

316 968 1824 101 et, par-dessus le bonnet en laine qui recouvrait ses

319 1072 1821 96 oreilles, un suroît de même couleur. Son menton

319 1188 1818 90 reposait dans ses paumes. Entre le pouce et l’index,

319 1273 1818 102 il serrait un cornet confectionné avec des feuilles

319 1364 1818 104 de papier à cigarettes collées. Sa bouche serrée

321 1468 1191 102 exhalait un mince filet de fumée.

407 1567 1722 102 Accrochée au plafond, une Luciole se balan¬

324 1683 1802 99 çait au-dessus de sa tête et projetait sur les cloi¬

321 1779 1816 96 sons des ombres dansantes. La flamme vacillante

319 1867 1815 99 du pétrole animait le modelé du large front de

316 1966 1810 113 l’adolescent, ravinait ses traits émaciés, renfor¬

319 2068 1821 112 çant les méplats de son beau visage en creusant

319 2178 1818 90 ses orbites en cavernes ténébreuses. Philippe n’avait

319 2260 1815 116 jamais eu le teint aussi pâle: au-dessous de ses

321 2367 1819 108 paupières mi-closes dont les oscillations de la

316 2466 1818 97 lampe dévoilaient de loin en loin l’éclat vert, ses

321 2568 1813 107 yeux cernés fixaient le minimagnétophone calé

313 2664 1813 102 entre ses coudes et le casier de contreplaqué rem¬

319 2766 1812 107 pli de cassettes audio qui brinquebalaient avec le

306 2871 1823 115 roulis. La bande tournait; le garçon tirait sur son
