2550 3300
415 277 1656 94 brume aux veux terrifiés de cfuy-la, c’était le pavil¬

412 374 1659 96 lon des pirates, la sinistre oriflamme de ceux qui

418 467 907 94 ont fait le choix de la mort.

495 561 1576 90 La patron eut beau regarder Personne ni rien ne

415 651 1659 97 bougeait. Beurdouille, mon François ! Un bateau

415 748 1653 110 fantôme avec rien ni personne à rescaper A croire

415 836 1650 107 qu’ils s’étaient tous garrochés par-dessus bord, les

420 937 328 108 bougres!

497 1023 1560 115 Il ouvrit le capot et se pencha au-dessus de l’habi¬

420 1116 193 107 tacle.

475 1196 826 118 Ho ! Yvon ! Monte!

506 1309 1100 104 — Qu’est-ce qui se passe, boss ?

508 1386 625 104 — Monte, j’te dis.

506 1471 888 115 — Quelle heure qu’il est ?

506 1564 1108 99 — Allez, monte, Yvon à Pierrot !

500 1672 1554 110 Le fils du grand Pierrot montra son nez au ras

423 1751 283 105 du pont.

475 1839 680 99 —Pourquoi faire ?

478 1916 1213 132 — J’te dis : Monte, grand niaiseux !

1213 2180 57 83 *

423 2384 1618 96 Quelques minutes plus tard, La Jarnigoine abor¬

418 2464 1631 93 dait la Sainte-Pélagie. Le patron du chalutier laissa

423 2557 1623 102 trois matelots à son bord et, flanqué de son second,

429 2642 676 108 grimpa sur le voilier.

500 2733 1541 94 Une odeur de choux pourris empestait la cui¬

418 2835 1631 80 sine où une vague odeur de gaz flottait encore. La

423 2915 1620 93 soupe avait éteint la cuisinière en débordant de la

423 3014 1615 90 marmite. La bonbonne était vide. Les deux hommes
