2550 3300
401 308 1161 63 Le Roi colla davantage son visage au hublot.

407 393 778 77 — Ah! I’Homme, murmurra-t-il.

404 506 1832 63 Pour lui, sa Voie avait été dans le Ciel, de toute Eternité. Il lui arrivait

305 566 1934 77 cependant, quand il était seul, bien qu'il la magnifiât et l'érigeât en

305 640 1931 80 Destin, de penser à son existence quotidienne avec dégoût. Le danger

302 717 1934 77 l’attirait et il aurait voulu que ses plaisirs fussent criminels. Ce qu’il vit

305 789 1931 80 cette nuit-là de l’avion lui apparut d’emblée comne l’exaltation, le théâtre

305 866 1931 77 même de la Vie : la Vie réservée aux autres. Cet homme qui les avait

305 943 1928 77 toujours manœuvrés à la schlague n’avait jamais connu des autres que le

310 1034 1926 60 spectacle de leur vie. Il ne se voyait qu’en spectateur et savait qu’il ne

305 1091 1931 88 partagerait jamais ce qu’il croyait être l’existence merveilleuse et

305 1166 1931 79 enchantée des acteurs. Alors qu’il prétendait les aimer d’amour pour cette

308 1259 1928 61 raison et parce qu’il était en quelque sorte le maître de leur activité, de

308 1331 1925 66 leur vie, il les jalousait et les considérait comme les assassins de la sienne

308 1408 195 74 propre.

401 1501 1832 66 Pour une fois, le Roi voyait juste : tout en se flattant la verge, il eut le

310 1581 1268 66 temps mentalement d’applaudir et mourut apaisé.

409 1680 1695 66 -Ah, Humanité! s'était-il écrié dans un ultime élan de préciosité.

401 1776 1532 66 L'impact lui avait étoilé et aussitôt fait éclater la citrouille.

404 1867 1829 80 Le piège s’était ensuite écrasé au sol, et refermé. C’était la fin de

310 1960 289 64 septembre.

401 2043 1114 77 Ici se termine le conte, et s'ouvre l'enquête.
