2550 3300
418 294 990 71 — Personne n’a prévenu les gendarmes?

409 401 1821 66 On aurait mauvaise façon, monsieur le Curé. Après ça, il aurait ses

310 481 927 66 raisons de s’encolé-rer, le Mistigri.

401 580 504 66 Le prêtre approuve.

404 673 1835 72 Les enfants de chœur reparaissent à ce moment. Ils ont quitté leur tenue et

308 742 1922 77 arborent leur costurpe gris du dimanche. Ils ferment la porte de l’église,

310 833 1929 60 rendent la clé à l’abbé et s’en vont agacer la chèvre noire, maintenant

308 907 1931 63 attachée à un piquet près du vieux camion, qui broute en cercle l’herbe du

308 965 1928 80 coudert. Un groupe de gamins les rejoint. Après quelques bêlements et la

316 1056 1920 66 violente apostrophe du forain qui ne travaille pas, les garnements s’égaillent

310 1116 1786 80 en piaillant et commencent à se poursuivre autour du plancher de danse.

404 1223 1835 72 Dans le dos du gringalet surgit Mistigri descendu de la montagne. Il a

308 1298 1925 68 toujours son feutre cabossé sur les veux, sa houppelande et son fusil qu’il

313 1366 1098 83 brandit en direction de la colonne de fumée.

412 1465 1824 83 — Bonjour curé, croasse-t-il. Tu vois, tu peux être content, c’est chez

308 1545 817 72 nous qu'ça brûle, tout à l'heure !

401 1652 1301 69 Le prêtre ne répond pas. Le vieux se met en fougue:

409 1754 1824 58 — J' te parle, Géraud. Tu l’ savais bien qu’y avait du mauvais monde.

308 1815 1931 82 dans I' pays. T'es mon frère tout d’même, une partie du bien t' revient, t’as ton

308 1903 1292 68 mot à dire. Moi, j' vais sur mes soixante et dix ans !

409 1988 1219 82 — J’en ai bientôt cinquante, dit calmement l’abbé.

420 2101 1802 68 — Cinquante! Moi aussi, j’en ai eu cinquante! Cinquante... Mais pas les

310 2180 1920 69 mêmes, curé! Eh oui, on peut pas dire qu' c’est la besogne qui t’a comandé,

313 2244 1010 77 toi !... Années sans peine, années d'rien.

412 2337 1183 80 — Nous avons eu des voies différentes, Michel.

407 2439 1427 80 — Oué, oué, nous avons eu des voies différentes, Géraud.

401 2546 1835 72 Mistigri prend un peu de recul pour considérer, les yeux mi-clos, le

313 2631 968 66 surplis, la soutane crottée, et il ajoute:

418 2719 1812 72 — Évidemment qu' nous avons eu des voies différentes. Il faut ou passer

310 2791 1923 93 par l’ pont, ou passer par l’eau. Peiner, s’ priver, ç’ a toujours été ma loi. Dur
