2550 3300
404 299 1832 72 Le prêtre ne l’écoute pas. Il suit des yeux l'Alouette qui décrit des cercles.

310 368 1929 77 autour de la colonne de funée, puis s’élève dans le ciel et disparaît

308 451 1570 71 rapidement. Mistigri n’a rien remarqué. Il continue à vaticiner:

407 555 1829 61 — Les gendarmes! A croire sans mentir qu' t’es pas d’ la race ! Qu'elle est

313 621 1912 72 vraiment perdue la race d' ces Auvergnats qui savaient crocher dans l'

310 706 1736 66 morceau et avoir encore l'œil et la dent prête à c' qui pourrait venir...

412 800 1821 69 — J' suis un prêtre, Michel. Et puis, les temps ont changé. On ne peut plus

308 866 737 77 se rendre justice soi-même.

404 973 1832 74 La voix toujours basse et comme qui dirait ecclésiastique de son fière, ça

308 1039 1485 80 l’agace, le Mistigri, et il le dit, qu’il va se mettre en colère:

415 1152 1818 63 — Tu vas me foutre en rogne, toi !... Quand c’est des Bougnoules qui te

313 1223 1285 80 goinfrent ton bien, et avec tes femmes, qui plus est!

404 1322 1832 75 Un arriéré vient s’arrêter devant eux, face ronde à peau luisante, yeux un

310 1394 1500 77 rien ahuris, bouche entrouverte, un vrai pitaud de campagne.

401 1501 831 66 Le vieux regarde l’abbé et hurle:

412 1600 1813 72 — Y a pas à parler à voix de confesse. Des Bougnoules, des merdeux

308 1666 1389 91 pareils, ça se crève! Parfaitement, on leur fait la peau!

409 1779 1101 66 — Pan! Pan! Pan! On va te crever, salaud !

401 1864 1832 77 Un essaim de galopins les entourent, brandissant des fusils et des

313 1955 1436 69 mitraillettes en bois. Ils poursuivent le benêt en gueulant:

401 2043 495 80 Clairon, trompette,

401 2139 484 80 Qui chie, qui pète,

401 2244 476 77 Qui prend son cul

401 2345 559 72 Pour une trompette...

404 2455 1832 66 A mesure qu’ils s’éloignent, un bourdonnement encore lointain surgit de

310 2527 1923 69 leur braillement, un bourdonnement qui s’amplifie rapidement. Plusieurs

313 2593 1926 77 voitures ou camions s’approchent. Des montées et des chutes de bruit

313 2681 770 66 épousent les lacets de la route.

409 2769 1827 77 Tout le monde s’est précipité vers le parapet qui domune la vallée. Les

308 2840 1928 80 forains eux-mêmes ont abandonné leur travail. Le prêtre en profite pour

308 2928 861 69 couper court aux cris de son frère.
