2550 3300
415 308 1378 60 — Allez, dit-il, j’ai ma messe à Albepierre à dix heures.

407 390 1832 80 Il tend la clé de l'église à l’aubergiste et s’installe dans la 2 CV Au

310 481 1920 66 moment où il démarre, Mistigri veut se mettre en travers, mais l’aubergiste,

308 552 1928 69 qui a gardé son blaireau à la main, le prend fermement par le coude et le fait

310 632 1926 63 s’asseoir sous la tonnelle. Il le calme en lui parlant doucement à l’oreille

308 693 486 79 comme à un enfant.

407 797 1832 74 Un orage a emporté le pont en dos d’âne qui enjambait le ruisseau en

308 877 1925 66 contrebas du village et, par manque de crédits celui-ci n’a jamais été refait.

308 943 1925 77 Quelques instants après avoir quitté l’esplanade, le ruisseau franchi, l’abbé

310 1031 1926 66 Charvaysse croise un command-car bourré d’officiers de la Gendarmerie

310 1102 1923 66 Mobile. Il se retourne pour le voir passer brutalement le gué dont les

308 1168 1928 77 dernières pluies ont grossi les eaux. De grandes gerbes empanachent le lourd

313 1243 1917 77 véhicule carré. Quand il regarde de nouveau devant lui, lè curé des Martres-

313 1328 1920 69 Sainte-Marie doit faire face à trois gros cars qui dévalent la mauvaise route

310 1405 1791 66 à vive allure. En croisant la 2 CV, ceux-ci manquent l’expédier au ravin.

407 1496 1829 74 Un mois avant ces événements, à la mi-août, à travers l’écran de ronces

310 1584 1926 63 et de pierraille qui entourait sa cache, un grand flandrin, sec comme un

310 1655 1926 66 échalas, noiraud et jaune de teint jusque dans le blanc des yeux, regardait un

313 1732 1056 72 geai criard piquer entre roc et broussaille.

404 1823 1829 74 Un chemin creux passait en contrebas des éboulis où l’homune se terrait.

308 1892 1925 74 Le milan y coula à la suite du geai. Le geai remonta à une vitesse

313 1977 1920 69 surprenante. Le milan le suivit, le dépassa, le surplomba, plongea. Le geai

308 2051 1922 69 esquiva, mais fut touché. Son vol s’alourdissait. Il perdait de l’altitude,

310 2131 1926 66 descendait sur la ravine. Il cria. Le milan remontait. Il avait marqué sa proie

308 2200 1922 68 de son bec et de ses griffes. Il planait, il attendait, il se donnait du bon temps.

407 2296 1829 74 En bas, le geai fuyait au ras de l’eau. Il trouva un refuge dans un roncier.

308 2365 1925 82 sous les fayards. Le milan fondit soudain. Le geai évita, tenta encore de se

308 2439 1925 82 défendre, cria une dernière fois. Puis ce fut le silence, la chaleur qui

308 2538 272 58 retombe...

404 2623 1832 72 L'homme a reposé son fusil contre la roche. Il éclate d’un long rire

310 2706 1926 66 silencieux qui rétrécit ses yeux, et porte à ses lèvres craquelées une vieille

313 2780 1923 71 gourde bosselée. Quand il se les torche du revers de la main, il découvre une

308 2851 1925 69 denture détestable. Il rebouche la gourde et la glisse dans un trou entre les
