2550 3300
987 508 604 131 PROLOGUE

401 797 1835 61 Il était une fois un Roi fort riche. Si nombreux étaient ses sujets que

305 869 1928 63 Ison rovaume constituait un état dans l’Etat; et si grande sa puissance que

308 943 1925 66 sans que ce pays en eût parfaitement conscience, il en faisait trembler une

308 1020 1928 63 moitié: l’autre moitié ne pouvait manquer d’ignorer son nom qu’elle vovait

302 1083 1937 83 partout imprimé et entendait souvent prononcer; car il s’agit d’un

305 1157 1931 75 chevalier d’industrie fameux. Les avions de cette rovale canaille

302 1237 1931 83 parcourent le monde; ils portent des noms qu’il a lui-même choisis, et qui

299 1306 289 82 font rêver.

404 1419 1832 66 En cette claire nuit de septembre, le Roi repoussa devant lui son jeu

305 1490 1623 66 d’échecs sur la petite table laquée et se demanda à haute voix:

415 1586 1474 72 — Comment avez-vous réussi, Monsieur André Bafuleuse?

404 1680 1826 77 Cette nuit-la, à bord d’un avion de huit places aménagé en salon,

308 1771 1928 63 confortablement installé sur un canapé de fourrure riveté à la carlingue

305 1842 1931 66 sous la moquette, le Roi se sentait, en toute sécurité, la proie du démon de

302 1916 292 64 l'aventure.

398 2007 1838 77 Il arrive que l’on préfère le mot “piège” pour désigner cette machine

305 2084 1931 72 au plus ancien “zinc” de l’argot des pilotes. Un piège donc survolait

302 2156 1931 77 l'Auvergne, un piège tout doré et orné comme pour une fête vulgaire par¬

305 2230 1928 77 tout un apprêt de guirlandes, de serpentins et de lampions. Tout en se

302 2304 1934 88 poivrant la gueule, qu’'il avait douce, rasée de près et parfimée, le Roi

302 2378 1934 91 jouait avec le fou noir et s'efforçait, mélancolique, de répondre à la

308 2469 1006 66 question qu’il s’était à lui-même posée.

401 2571 1832 63 Alors qu’il passait au-dessus d’un bois de sapins, l’avion fit un écart.

305 2645 1931 63 Le salon fut brutalement illuminé par une lueur d’incendie. Le Roi regarda

305 2719 1923 72 par le hublot et se sentit vaguement excité. Sur un signe qu’il fit au pilote,

305 2783 1928 77 l’appareil connmença à décrire des cercles de plus en plus serrés autour

310 2871 875 66 d’une gigantesque colonne de feu.
