2550 3300
310 297 1926 74 à la peine, dur au mésaise... A croire qu' t’es pas mon frère. A croire qu' la

310 382 1799 63 race est perdue des mâles d’aut' fois qui craignaient pas à la rencontre...

407 481 811 66 Mistigri se tait. Il y a un silence.

404 569 1832 71 — Tu sais, dit le vieux d’une voix radoucie, tu peux t' fier à moi, j’ dis tout

310 654 1376 66 ça pas pour t’emmalicer, seulement par fraternité vraie.

404 750 1832 72 L'abbé accuse le coup. Pour assurer un maintien, il ôte son surplis et en

308 827 885 66 casse le pli amidonné sur son bras.

390 929 1840 69 — Oui, insiste Mistigri, pour te dire, voilà comme j' vois les choses,

308 992 143 80 curé.

409 1091 275 77 — Tais-toi.

409 1210 1007 57 — Tu m' calotterais que j' me tairais pas.

404 1300 1832 72 Mistigri ricane. Le prêtre détourne la tête. La fabrication du plancher

308 1386 1928 60 avance. A grands coups de masse, avec des han puissants, les forains

308 1452 1928 66 enfoncent dans le sol les pieux de fer qui doivent assurer l’équilibre de la

308 1515 1925 80 charpente. Suivi de son frère, l’abbé Charvaysse s’avance à grandes

310 1606 1923 66 enjambées en direction de la 2 CV. Convenablement espacés, les coups de

310 1683 1923 63 marteau des forains donnent l’air de vouloir rythmer sa marche. Le prêtre

308 1740 1925 80 s’arrête agacé. Les coups cessent immédiatement. L’abbé se retourne et toise

308 1828 1931 64 les trois forains qui se sont dressés, tête levée. Les gars sourient vaguement

310 1894 1926 75 en le dévisageant, puis ils se remettent au travail. Le prêtre hausse

313 1974 1917 72 imperceptiblement les épaules et plonge son regard dans celui de Mistigri.

313 2046 1656 74 Les ailes de son nez se sont pincées, il se mord la langue et le bec.

409 2156 1604 66 — Je n'ai pas peur, Michel, dit-il sans presque remuer les lèvres.

401 2252 1832 69 Les coups se sont arrêtés. Dans le silence un vrombissement éclate. Une

308 2315 1925 80 Alouette vient de surgir derrière une croupe boisée. Le bruit de son moteur

308 2389 1928 83 répété en écho remplit l’espace. En se balançant, l’hélicoptère suit un éperon

310 2483 1156 63 rocheux et se dirige vers le panache de fumée.

409 2571 1830 71 — Tu comprends, murmure l’abbé, ce n’est pas à nous d’agir. Il faudrait

308 2642 610 86 prévenir les gendarmes.

401 2755 1832 61 — Les gendarmes! s’exclame Mistigri. Pour me tenir en repos, moi,

308 2827 1931 68 faudrait que j' sois bien empêché. Tant qu’y aura à faire, j’irai toujours: on

310 2893 630 88 peut faire qu’en faisant...
