2550 3300
401 299 1835 66 Les vaches s’engouffrent sous la poterne. Mistigri les voit venir à lui. Il

310 374 1929 71 les reconnaît. Il les appelle chacune par son nom, mais les bêtes s’effraient

308 445 1204 77 de cette ombre surgie de la muit et se dispersent.

412 541 1821 80 Tandis qu’elles dégringolent le chemin éventré par les rigoles de l’hiver,

310 632 1923 63 encombré de galets, de feuilles pourries et de branchages, tandis qu’elles

310 690 1920 80 foncent dans cette sorte de ravine, le vieux lève son fusil, met en joue et tire.

310 764 1445 83 Deux fois. Puis il recharge, épaule, tire. Deux fois encore.

404 871 1829 75 Une lueur éclate dans les rochers. Un fracas lourd éclabousse la mit. Les

313 954 1923 66 festoyeurs ont tous levé la tête. Mistigri, hurlant de rire, part en courant à la

310 1017 1505 88 poursuite de ses vaches. A l'est, l’horizon conmence à rosir.

401 1116 1835 80 Ce pays, si on s’en laisse accroire par les contes, c’est le pays où

308 1204 1928 63 s’attendre à des choses extraordinaires, celles qui sont supposées arriver

310 1281 1926 66 dans les endroits défortunés: des faits sans explications, des surprises, des

308 1353 1931 66 trésors, des peurs. Pourtant, le lendemain, le soleil se lève normalement, et.

310 1424 1923 69 Mistigri, à la poursuite de ses vaches sur le plateau, revoit dans l’ordre

310 1504 1923 66 accoutumé les blocs de basalte qui parsèment les champs de vesce ou de blé

310 1570 132 77 noir.

401 1666 1835 80 Précédé de son chièn, il parcourt des herbages et des futaies portées par

310 1757 1926 63 une terre que les laves ont rendue riche. Il monte à travers une hêtraie, puis

310 1831 1923 66 un pacage, arrive sur un sommet arrondi où poussent l’airelle et la bruyère,

310 1908 1923 63 coupées çà et là par les hautes fleurs jaunes de la gentiane. Les vaches

310 1980 779 66 décanillent toujours devant lui.

404 2068 1835 74 Maintenant, le vieux suit un ruisseau étroit qui prend naissance au pied

308 2156 1931 66 d’une sapinière, court dans l’herbe et va dévaler le bord du plateau en sciant

310 2224 1926 72 la roche. Il est contraint de s’arrêter entre roc et ciel, à l’endroit où plonge la

308 2293 1925 77 cascade. Au dessus de lui, d’énormes blocs se penchent en surplomb, des

308 2384 1928 63 arbres se contorsionnent, se cramponnant à leurs racines. Plus bas, c’est la

313 2444 1923 75 vallée, avec ses terrasses à l’abandon, ses moulins qui s’en vont en

308 2527 1925 69 décombres au milieu des pâtures. Mistigri recoit en pleine figure la vision de

310 2609 1920 66 ce que son pays est devenu: un pays que l’on a privé de ses ressources,

310 2681 1029 69 dépeuplé, épuisé, un pays saigné à blanc.

407 2766 619 83 Il ne peut aller plus loin.
