2550 3300
401 299 1829 66 Derrière lui, les sonnailles et les mgissements de ses vaches, remontées

310 365 1909 91 par une coursière, qui le narguent; en face de lui, les toits des Martres -

308 437 357 82 Sainte-Marie.

404 552 1832 69 Le soleil n’est pas encore bien haut dans le ciel. Il frappe en oblique les

305 629 1928 64 dalles de lause qui recouvrent les maisons. Les monstrueuses carapaces

310 690 1923 88 grises brillent, tassées en désordre dans une petite combe. Les bords

308 775 1925 66 ébréchés du haut-plateau protègent le village contre les vents du nord. Les

310 855 1648 66 sources y ruissellent, les martres, qui ont donné le nom à l’endroit.

401 951 1832 69 Devant l’église s’étend une place gazonnée, le coudert, borné à l’est par

313 1034 1923 60 un parapet qui domine une vallée enfoncée et descend jusqu’au débit de

308 1094 1925 74 boissons. C’est une demeure carrée, en pierre de lave, semblable aux autres.

310 1174 1923 71 Un petit panonceau de tôle informe le passant que l’établissement, Licence

308 1240 1925 80 IV, a le droit de vendre des boissons alcoolisées. Une vieille plaque

308 1311 1925 94 publicitaire Touillée, Y'a Bon Banania, indique que la buvette est aussi une

308 1391 1928 80 épicerie. L'entrée, aveuglée par un rideau de perles à l’ancienne, est

310 1482 1079 63 ombragée par une vigne taillée en tonnelle.

401 1573 1835 68 Le tenancier, qui est cantonnier de son état et barbier d’occasion, a sorti à

310 1650 1926 71 l’extérieur un vieux fauteuil et un fragment de glace brisée. Il a installé le

310 1732 1929 63 mroir en équilibre sur le parapet et placé le fauteuil devant. Le dimanche est

310 1801 1585 71 l’occasion, pendant la messe, pour les paysans de se faire raser.

401 1889 1832 80 Pendant que le barbier savonne le menton d’un client, deux vieilles

310 1977 1920 66 femmes sortent de l’église, une petite ronde, toute cassée, genre poule grise,

308 2046 1922 74 et une autre, toute grande, toute droite, toute noire : deux bonnes langues qui

310 2128 1923 63 s’arrêtent sous le porche — de celles dont on dit que deux femes et une

308 2189 1925 77 chèvre poire suffisent à tenir la foire. La chèvre les rejoint bientôt.

313 2268 1920 77 Ensemble, pendant que les fidèles continuent à sortir de l’église, elles

308 2340 1928 80 regardent dans la direction de la ferme de Mistigri. Vers l’ouest, dans la

310 2428 1923 69 montagne, une colonne de fumée épaisse monte très haut dans le ciel encore

316 2508 707 63 voilé par la brume matinale.

404 2598 1832 72 La chèvre est la première à se désintéresser de la chose. Elle comunence

308 2678 1931 69 à lorgner, puis flairer le cabas en tapisserie de la grande chabraque. Quand

308 2752 1928 64 elle y fourre le mseau, d’un coup de parapluie, on la chasse: on voit bien

310 2832 1929 63 qu’elle n’est pas du pays cette bique-là... A petits pas comptés, les vieilles la

313 2906 1923 66 regardent qui se dirige vers un vieux camion à chaînes et à bandages. Le
