2550 3300
316 308 1914 63 véhicule porte encore les traces d’une ancienne installation de gazogène.

310 379 1929 66 Sous le regard d’un troisième, deux hommes en salopette crasseuse sont

308 440 1925 79 occupés à en extraire les derniers bastaings. Ils les transportent sur

308 528 1925 68 l’esplanade où commence à s’élever la charpente du bal. L'écriteau est déjà

310 607 1200 64 en place. Ce dimanche, matinée à quinze heures.

401 701 1835 69 Labbé Charvaysse paraît sous le porche. Il porte encore son surplis. Un

308 767 1931 88 paysan vient lui serrer la main. L’abbé, un grand gaillard rougeaud aux

308 841 1928 80 épaules larges, est le genre de curé à ne pas craindre la bagarre. Cest la

308 915 1925 88 première fois qu’on lui voit en public un air gêné et ennuyé. Il a en face de lui

308 1003 1931 69 une espèce de gringalet dans un complet noir étriqué, les mains dans le gilet

308 1075 1925 69 barré d’une chaîne en or, et il ose à peine regarder en face ce maigrichon qui

310 1157 1923 64 a le front de fixer obstinément sous la soutane trop courte ses souliers éculés

308 1215 1928 80 et le bas de son pantalon militaire fatigué, au revers encroûté de boue. Un

308 1295 1928 77 autre jour, tiens, il te lui aurait fait peur, empoigné par le fond des brayes, ou

308 1377 1931 69 même calotté comme un gamin; mais aujourd’hui, voilà quil te l’écoute tout

308 1452 572 66 intimidé, ce maigrelet.

456 1540 1780 79 — Ah, pauvre !... Voilà comme ça fait arriver des malheurs... Ils ont fait

308 1619 712 77 cette nuit un beau sabbat!...

412 1724 1821 80 — Que voulez-vous, répond l’abbé, j’ai fait ce que j’ai pu, mais allez lui

308 1790 575 82 faire entendre raison...

404 1905 1832 66 A l’écouter parler, on pourrait croire qu’il est coupable. Il regarde cette

308 1966 1925 77 colonne de fumée noire comme si c’est par sa faute, sa très grande faute

308 2040 1928 80 qu'elle s’élève dans le ciel. La seule faute du malheureux traîne-dieu, son

310 2128 1923 69 erreur, est de ne pas rompre le charme qui le cloue ici où, après le chétif,

313 2205 1670 66 quelques autres escogriffes risquent fort de venir lui tenir la jambe.

401 2296 1829 74 Deux enfants de chœur sortent de l’église, l’un portant un électrophone,

305 2365 1931 77 l’autre, dans un filet, des disques religieux. Ils se plantent devant le prêtre

308 2455 1928 66 qui, d’un imperceptible haussement de sourcils, leur désigne sa 2 CV garée

310 2532 1923 64 devant l’épicerie-buvette, tout près de l’endroit où officie le barbier. Les

313 2607 1920 71 garçons y déposent les objets dont ils ont la charge et retournent à l’église,

308 2678 1925 66 croisant la gouvernante du curé qui survient avec un sac de voyage. Le prêtre

310 2750 1929 74 la suit des yeux, qui va le ranger à l’arrière de l’automobile. Quand elle s’est

308 2829 1925 66 assise à l’avant avec les grimaces de quelqu’un qui se prépare à une longue

269 2893 1326 74 attente, le regard de l’abbé revient vers le gringalet.
