2550 3301
372 297 1860 64 Elle se sentait confirmée dans son projet, encouragée. Sûrement, elle

310 370 1915 62 n’était pas très loin de la maison fabuleuse, du labyrinthe montagnard. Y

302 429 1928 82 arriver. Se jeter aux pieds de Hartog. Julie voyait la scène d’ici, avec

306 511 1926 68 émotion. Un Delacroix. Le riche la relevait, la comprenait, la pardonnait, la

311 588 1919 59 félicitait, la faisait asseoir à sa droite, sur une montagne nébuleuse

310 656 1924 64 surplombant le Massif Central, loin des hommes et du monde, comme dit

308 729 1922 63 l’autre. La jeune fille se leva, entraîna Peter, revint en arrière pour payer le

308 799 1924 75 petit déjeuner, elle frémissait. Elle se fit indiquer le chemin de la gare. Elle

308 876 1924 68 parvint à un passage à niveau d’où l’on avait vue sur les quais décorés de

310 946 1920 60 troènes poussiéreux dans des bacs de ciment. Boën, disait l’espèce

308 1019 1920 61 d’enseigne, au-dessus du quai, en lettres bleues sur fond blanc, une enseigne

308 1089 1920 62 creuse, susceptible de s’illuminer à la nuit, comme l’enseigne des

311 1160 1921 70 gendarmeries. Le nom Boën ne disait rien à Julie. Elle fit demi-tour, Peter

308 1232 1922 64 trottait à côté d’elle en terminant un croissant. Il regardait les alentours avec

310 1305 1924 63 un certain intérêt, il était calme. On entra dans des commerces et Julie fit

310 1377 1924 62 l’achat d’un imperméable gris, assez hideux, qui lui descendait au genou, et

308 1446 1922 66 de cartes Michelin. En sortant de la librairie, elle aperçut de l’autre côté de

310 1522 1436 67 la rue une immense affiche blanche avec un texte écarlate.

1043 1679 457 54 LA LOI ET L’ORDRE

829 1791 884 55 POUVONS-NOUS VIVRE SANS POLICE?

1012 1868 518 53 SANS GENDARMERIE?

803 1949 934 55 LA GUERRE DU GRAND JOUR DE DIEU LE

952 2035 644 48 TOUT-PUISSANT (Rév. 16: 14)

876 2103 789 60 QUE SIGNIFIE LA DÉSAGRÉGATION

1089 2187 362 59 DES VALEURS ?

950 2268 640 57 DANS LES DERNIERS JOURS

884 2349 770 51 IL Y AURA DES TEMPS CRITIQUES

975 2431 591 55 DIFFICILES À AFFRONTER

1128 2503 282 64 (11 Tim. 3 : 1)

1084 2618 376 55 PAUL ZWICKAU

370 2758 1858 73 Julie, ses cartes Michelin sous le bras, tenant Peter de l’autre main,

310 2840 1924 57 traversa la rue et entra, sous l’affiche, franchissant un portail. Dans un petit

310 2910 1922 60 hall carrelé, des paysans en chapeau discutaient à demi-voix. Au-delà
