2550 3301
381 297 1242 62 — Au revoir messieurs, dit-il par la vitre ouverte.

374 379 1108 70 Il s’en alla d’un bon pas. La voiture repartit.

376 460 816 66 — Il charrie, affirma le colosse.

385 540 1845 68 — Thompson, dit Nénesse, c’est un maître. Il n’y en a pas deux comme

310 610 772 63 lui. En tout cas, pas en France.

376 696 1308 55 — Il n’a pas l’air bien portant, bougonna le colosse.

372 768 1858 66 De nouveau, la R 16 ralentit. Elle cahota. Des branches fouettèrent ses

311 845 1921 62 flancs. On avait quitté la route, on se frayait un passage entre des bouleaux

311 916 1919 61 serrés, sur une piste étroite et envahie par la bruyère. Julie cahotait dans le

308 984 1919 68 coffre. Elle avait conscience de la respiration profonde de Peter, près d’elle.

310 1056 1649 64 Elle avait mal au dos, elle était étendue sur des rouleaux de corde.

374 1140 471 68 La voiture stoppa.

372 1212 792 73 — Voilà, dit Nénesse, c’est ici.

374 1292 224 65 Silence.

374 1373 1588 73 — Qui est-ce qui va le faire? demanda Bibi d’une voix altérée.

376 1454 757 69 — Nous trois, cette question!

374 1534 822 72 — Ça me fait vomir. Un gosse...

372 1611 1858 65 — Moi aussi, dit le colosse blond, ça me fait vomir. Nénesse, si ça ne te

311 1685 659 70 fait pas vomir, fais-le, toi.

374 1767 1856 68 — Je vais vous dire ce qu’on va faire, annonça le chauffeur. On va le

310 1839 1352 73 jouer aux dés. Vite fait. Le premier As qui sort. O.K.?

383 1918 367 68 — C’est juste.

374 1998 1856 65 Julie entendit battre les portières. Nénesse sortait des dés de sa poche. De

313 2072 1840 64 la main, il balaya la poussière du chemin. Le dé ricocha sur la terre sèche.

372 2145 596 77 — Cinq. À qui le tour?

374 2230 497 71 — Donne, dit Bibi.

440 2307 123 67 As!

374 2385 1104 77 — C’est pas juste, dit Bibi, Coco a pas jeté.

377 2464 1853 72 — C’est dit, c’est dit, fit Nénesse. Mon frère et moi, on va fumer une

308 2536 337 73 clope à côté.

372 2627 1864 57 Les deux hommes se détournèrent et s’éloignèrent à travers les troncs et

308 2692 1922 64 les buissons. Bibi alla ouvrir le coffre de la voiture. Julie avait fermé les

310 2763 1247 72 yeux. À travers ses paupières, le soleil lui fit mal.

372 2844 1864 62 Bibi la bouscula comme un sac pour sortir du coffre les cordes. Il y en

308 2914 1922 64 avait deux. Le jeune homme confectionna un nœud coulant à l’extrémité de
