<?xml version="1.0" encoding="UTF-8"?>
<alto xmlns:xsi="http://www.w3.org/2001/XMLSchema-instance"
      xmlns="http://www.loc.gov/standards/alto/ns-v4#"
      xsi:schemaLocation="http://www.loc.gov/standards/alto/ns-v4# http://www.loc.gov/standards/alto/v4/alto-4-2.xsd">
  <Description>
    <MeasurementUnit>pixel</MeasurementUnit>
    <sourceImageInformation>
      <fileName>page_00029.png</fileName>
      
    </sourceImageInformation>
  </Description>
  
  <Tags>
    <OtherTag ID="BT11002" LABEL="MaineZone" DESCRIPTION="block type MaineZone"/><OtherTag ID="BT11004" LABEL="TitlePageZone" DESCRIPTION="block type TitlePageZone"/><OtherTag ID="BT11005" LABEL="RunningTitleZone" DESCRIPTION="block type RunningTitleZone"/><OtherTag ID="BT11006" LABEL="NumberingZone" DESCRIPTION="block type NumberingZone"/><OtherTag ID="BT11009" LABEL="MainZone" DESCRIPTION="block type MainZone"/><OtherTag ID="BT11010" LABEL="QuireMarksZone" DESCRIPTION="block type QuireMarksZone"/>
    <OtherTag ID="LT4328" LABEL="DefaultLine" DESCRIPTION="line type DefaultLine"/><OtherTag ID="LT4329" LABEL="HeadingLine" DESCRIPTION="line type HeadingLine"/><OtherTag ID="LT4330" LABEL="default" DESCRIPTION="line type default"/>
  </Tags>
  
  <Layout>
    <Page WIDTH="2550"
          HEIGHT="3301"
          PHYSICAL_IMG_NR="24"
          ID="eSc_dummypage_">
      <PrintSpace HPOS="0"
                  VPOS="0"
                  WIDTH="2550"
                  HEIGHT="3301">
        
        <TextBlock HPOS="279.3721923828125"
                   VPOS="294.1659240722656"
                   WIDTH="1981.6502685546875"
                   HEIGHT="2563.5967712402344"
                   ID="block_0"
                   TAGREFS="BT11009">
          <Shape><Polygon POINTS="279.372 294.166 2261.02 294.166 2261.02 2857.76 279.372 2857.76 279.372 294.166"/></Shape>
          
          
          <TextLine ID="line_0"
                    TAGREFS="LT4328"
                    BASELINE="313 346 900 342" 
                    HPOS="311"
                    VPOS="297"
                    WIDTH="589"
                    HEIGHT="62">
            <Shape><Polygon POINTS="313 346 313 359 898 357 900 342 895 308 605 308 566 302 522 297 521 297 519 297 517 297 510 302 497 309 471 302 454 297 453 297 451 297 449 297 447 297 442 300 434 308 427 300 423 298 423 297 421 297 420 297 418 297 311 298 313 346"/></Shape>
	    <String CONTENT="Moi, je fais une œuvre."
                    HPOS="311"
                    VPOS="297"
                    WIDTH="589"
                    HEIGHT="62"
                    WC="0.997606995313064"></String>
          </TextLine>

          
          
          <TextLine ID="line_1"
                    TAGREFS="LT4328"
                    BASELINE="376 427 1693 427" 
                    HPOS="376"
                    VPOS="379"
                    WIDTH="1317"
                    HEIGHT="62">
            <Shape><Polygon POINTS="376 427 376 440 1689 441 1693 427 1691 394 1621 379 1619 379 1553 390 1509 379 1507 379 1506 379 1504 379 1502 379 1487 392 1451 379 1449 379 1447 379 1374 392 1260 379 1258 379 1256 379 1254 379 1240 390 1225 379 1223 379 1221 379 1219 379 1218 379 1185 394 1043 394 946 379 944 379 942 379 915 392 887 379 886 379 730 379 728 379 726 379 724 379 724 381 709 394 561 394 460 379 458 379 456 379 454 379 454 381 440 394 376 394 376 427"/></Shape>
	    <String CONTENT="— Des sous, dit Julie. Des sous et des petits dessins."
                    HPOS="376"
                    VPOS="379"
                    WIDTH="1317"
                    HEIGHT="62"
                    WC="0.980100362389176"></String>
          </TextLine>

          
          
          <TextLine ID="line_2"
                    TAGREFS="LT4328"
                    BASELINE="377 502 1917 506" 
                    HPOS="376"
                    VPOS="458"
                    WIDTH="1541"
                    HEIGHT="70">
            <Shape><Polygon POINTS="377 502 376 515 471 526 473 526 975 518 1153 528 1155 528 1915 518 1917 506 1915 473 1221 460 1219 460 1168 471 1159 471 1142 469 1012 458 1010 458 1008 458 974 469 933 458 931 458 930 458 862 469 858 471 673 471 671 469 649 458 647 458 645 458 643 458 616 469 612 469 609 469 557 458 555 458 377 467 377 502"/></Shape>
	    <String CONTENT="— Petits dessins, petits dessins, répéta Hartog d’un air vague."
                    HPOS="376"
                    VPOS="458"
                    WIDTH="1541"
                    HEIGHT="70"
                    WC="0.9876731945918157"></String>
          </TextLine>

          
          
          <TextLine ID="line_3"
                    TAGREFS="LT4328"
                    BASELINE="372 588 2230 583" 
                    HPOS="370"
                    VPOS="540"
                    WIDTH="1860"
                    HEIGHT="61">
            <Shape><Polygon POINTS="1966 540 1950 540 1931 548 1931 550 1819 550 1819 548 1803 540 1801 540 1783 540 1779 540 1757 548 1755 548 1753 548 1698 540 1691 540 1673 540 1654 540 1647 540 1603 548 1590 550 1572 548 1506 540 1489 540 1474 540 1419 548 1403 550 1397 548 1381 540 1379 540 1363 540 1324 548 1322 548 1319 548 1280 540 1269 540 1262 540 1240 548 1232 550 1221 548 1183 540 1177 540 1161 540 1122 548 1109 550 1095 548 1056 540 1049 540 1031 540 1012 540 994 540 975 540 957 540 955 540 953 540 952 540 941 548 931 553 843 553 834 548 820 540 818 540 816 540 783 548 761 553 640 553 629 548 616 540 614 540 612 540 610 540 583 548 563 552 533 548 489 540 487 540 370 546 372 588 372 601 2228 597 2230 583 2227 550 1995 550 1995 548 1975 540 1966 540"/></Shape>
	    <String CONTENT="Le bas de son visage était contracté. Il s’ébroua, tira de son bureau une"
                    HPOS="370"
                    VPOS="540"
                    WIDTH="1860"
                    HEIGHT="61"
                    WC="0.9894686749106959"></String>
          </TextLine>

          
          
          <TextLine ID="line_4"
                    TAGREFS="LT4328"
                    BASELINE="310 660 2230 656" 
                    HPOS="308"
                    VPOS="610"
                    WIDTH="1922"
                    HEIGHT="72">
            <Shape><Polygon POINTS="310 660 310 673 713 682 715 682 941 673 968 673 975 673 1031 682 1032 682 1034 682 1036 682 1051 673 1053 673 2228 673 2230 656 2228 625 2197 610 2195 610 2194 610 2192 610 2155 623 2074 610 2073 610 2071 610 2021 625 1847 625 1651 610 1649 610 1647 610 1601 623 1539 610 1537 610 1535 610 1509 625 1392 625 1368 612 1366 612 1364 612 1161 625 1095 612 1093 612 1091 612 1047 625 1012 614 1010 614 1008 614 946 625 928 614 926 614 924 614 922 614 920 614 891 621 853 612 851 612 849 612 768 625 744 612 742 612 640 612 638 612 636 612 609 625 561 612 559 612 557 612 555 612 522 625 471 612 469 612 339 612 337 612 335 612 308 625 310 660"/></Shape>
	    <String CONTENT="chemise à triple rabat et, la secouant, en fit s’échapper un flot de"
                    HPOS="308"
                    VPOS="610"
                    WIDTH="1922"
                    HEIGHT="72"
                    WC="0.995195460319519"></String>
          </TextLine>

          
          
          <TextLine ID="line_5"
                    TAGREFS="LT4328"
                    BASELINE="310 733 865 729" 
                    HPOS="308"
                    VPOS="682"
                    WIDTH="557"
                    HEIGHT="71">
            <Shape><Polygon POINTS="310 733 310 753 803 753 803 751 865 740 865 729 864 693 840 682 838 682 836 682 765 691 733 682 731 682 730 682 671 691 563 684 561 684 559 684 535 693 416 684 414 684 412 684 377 693 348 684 346 684 344 684 343 684 308 695 310 733"/></Shape>
	    <String CONTENT="photographies 21x27."
                    HPOS="308"
                    VPOS="682"
                    WIDTH="557"
                    HEIGHT="71"
                    WC="0.9995988070964813"></String>
          </TextLine>

          
          
          <TextLine ID="line_6"
                    TAGREFS="LT4328"
                    BASELINE="376 805 1247 808" 
                    HPOS="374"
                    VPOS="762"
                    WIDTH="873"
                    HEIGHT="66">
            <Shape><Polygon POINTS="376 805 374 816 812 828 814 828 1245 819 1247 808 1243 770 532 773 517 772 458 762 456 762 454 762 453 762 453 764 443 772 442 773 376 773 376 805"/></Shape>
	    <String CONTENT="— Une œuvre, merde, une œuvre!"
                    HPOS="374"
                    VPOS="762"
                    WIDTH="873"
                    HEIGHT="66"
                    WC="0.9978188494841258"></String>
          </TextLine>

          
          
          <TextLine ID="line_7"
                    TAGREFS="LT4328"
                    BASELINE="374 893 2232 889" 
                    HPOS="372"
                    VPOS="839"
                    WIDTH="1860"
                    HEIGHT="66">
            <Shape><Polygon POINTS="374 893 374 905 2230 904 2232 889 2230 852 2194 839 2192 839 2190 839 2188 839 2159 852 2041 852 1788 852 1786 850 1768 839 1766 839 1764 839 1762 839 1761 839 1724 850 1722 850 1718 850 1619 839 1618 839 1616 839 1581 850 1579 850 1577 850 1546 839 1544 839 1542 839 1541 839 1509 850 1506 852 1405 852 1399 850 1350 839 1348 839 1304 850 1289 852 1275 850 1232 841 1230 841 1188 849 1172 852 1146 849 1080 841 1078 841 1076 841 1047 849 1034 852 1012 849 963 841 961 841 853 849 796 852 768 849 719 841 717 841 660 849 625 852 605 849 572 841 570 841 372 847 374 893"/></Shape>
	    <String CONTENT="Il jurait, mais semblait calme. Il se frappa le haut du sternum avec la"
                    HPOS="372"
                    VPOS="839"
                    WIDTH="1860"
                    HEIGHT="66"
                    WC="0.994334340935022"></String>
          </TextLine>

          
          
          <TextLine ID="line_8"
                    TAGREFS="LT4328"
                    BASELINE="310 964 2230 960" 
                    HPOS="308"
                    VPOS="916"
                    WIDTH="1922"
                    HEIGHT="70">
            <Shape><Polygon POINTS="310 964 310 986 2228 975 2230 960 2227 926 1348 916 1346 916 1258 926 498 918 497 918 308 927 310 964"/></Shape>
	    <String CONTENT="paume. La transpiration dégouttait anormalement, obscènement, sur son corps"
                    HPOS="308"
                    VPOS="916"
                    WIDTH="1922"
                    HEIGHT="70"
                    WC="0.9993167480865082"></String>
          </TextLine>

          
          
          <TextLine ID="line_9"
                    TAGREFS="LT4328"
                    BASELINE="311 1036 2230 1030" 
                    HPOS="310"
                    VPOS="986"
                    WIDTH="1920"
                    HEIGHT="70">
            <Shape><Polygon POINTS="311 1036 311 1056 2228 1045 2230 1030 2228 999 2197 986 2195 986 2113 986 2111 986 2109 986 2107 986 2089 997 2019 986 2017 986 2016 986 1975 999 1588 999 1438 988 1436 988 1287 999 1179 988 1177 988 1175 988 1152 1001 849 1001 788 990 787 990 717 1001 539 990 537 990 480 1001 337 990 335 990 333 990 310 1001 311 1036"/></Shape>
	    <String CONTENT="glabre et blanc. Le rousseau se leva et mit son rasoir en marche. Julie"
                    HPOS="310"
                    VPOS="986"
                    WIDTH="1920"
                    HEIGHT="70"
                    WC="0.9954301253171034"></String>
          </TextLine>

          
          
          <TextLine ID="line_10"
                    TAGREFS="LT4328"
                    BASELINE="310 1107 2230 1107" 
                    HPOS="310"
                    VPOS="1059"
                    WIDTH="1920"
                    HEIGHT="63">
            <Shape><Polygon POINTS="310 1107 310 1122 2230 1122 2230 1107 2230 1070 1816 1059 1814 1059 1812 1059 1788 1070 1612 1070 1539 1059 1537 1059 1535 1059 1515 1070 1256 1070 1186 1059 1185 1059 1122 1069 1020 1059 1018 1059 942 1069 898 1059 897 1059 750 1069 730 1059 728 1059 574 1059 572 1059 570 1059 550 1069 460 1059 458 1059 310 1069 310 1107"/></Shape>
	    <String CONTENT="regardait distraitement les photos. Des maisons. Des immeubles. Des ponts."
                    HPOS="310"
                    VPOS="1059"
                    WIDTH="1920"
                    HEIGHT="63"
                    WC="0.9937752694696993"></String>
          </TextLine>

          
          
          <TextLine ID="line_11"
                    TAGREFS="LT4328"
                    BASELINE="311 1179 2232 1175" 
                    HPOS="310"
                    VPOS="1129"
                    WIDTH="1922"
                    HEIGHT="68">
            <Shape><Polygon POINTS="311 1179 311 1197 2230 1197 2232 1175 2228 1142 2060 1129 2058 1129 2056 1129 2028 1142 1863 1142 1843 1129 1841 1129 1840 1129 1717 1129 1715 1129 1713 1129 1684 1142 1509 1142 1463 1129 1462 1129 1460 1129 1333 1140 1273 1129 1271 1129 1194 1142 1115 1131 1113 1131 1111 1131 1069 1144 946 1144 785 1131 783 1131 781 1131 779 1131 759 1144 398 1144 332 1131 330 1131 328 1131 326 1131 310 1140 311 1179"/></Shape>
	    <String CONTENT="Au verso, un nom de lieu, une date. Julie termina son café. Hartog arrêta son"
                    HPOS="310"
                    VPOS="1129"
                    WIDTH="1922"
                    HEIGHT="68"
                    WC="0.9952816714214373"></String>
          </TextLine>

          
          
          <TextLine ID="line_12"
                    TAGREFS="LT4328"
                    BASELINE="311 1252 493 1248" 
                    HPOS="310"
                    VPOS="1203"
                    WIDTH="183"
                    HEIGHT="60">
            <Shape><Polygon POINTS="311 1252 311 1263 491 1261 493 1248 489 1217 423 1203 421 1203 420 1203 394 1215 326 1208 324 1208 322 1208 321 1208 310 1215 311 1252"/></Shape>
	    <String CONTENT="rasoir."
                    HPOS="310"
                    VPOS="1203"
                    WIDTH="183"
                    HEIGHT="60"
                    WC="0.996588042804173"></String>
          </TextLine>

          
          
          <TextLine ID="line_13"
                    TAGREFS="LT4328"
                    BASELINE="379 1325 1304 1325" 
                    HPOS="379"
                    VPOS="1281"
                    WIDTH="925"
                    HEIGHT="59">
            <Shape><Polygon POINTS="379 1325 379 1340 1304 1340 1304 1325 1302 1289 733 1292 708 1291 570 1281 568 1281 566 1281 565 1281 554 1292 552 1292 548 1292 460 1281 458 1281 456 1281 454 1281 454 1283 443 1292 443 1294 379 1294 379 1325"/></Shape>
	    <String CONTENT="— N’admirez-vous pas mon œuvre?"
                    HPOS="379"
                    VPOS="1281"
                    WIDTH="925"
                    HEIGHT="59"
                    WC="0.9863532339372942"></String>
          </TextLine>

          
          
          <TextLine ID="line_14"
                    TAGREFS="LT4328"
                    BASELINE="376 1408 1311 1408" 
                    HPOS="376"
                    VPOS="1362"
                    WIDTH="935"
                    HEIGHT="70">
            <Shape><Polygon POINTS="376 1408 376 1421 526 1421 539 1430 541 1430 543 1430 544 1430 588 1421 612 1430 614 1430 616 1430 671 1421 673 1421 686 1430 687 1430 689 1430 691 1432 774 1432 774 1430 776 1430 777 1430 777 1428 785 1423 796 1430 798 1430 799 1430 801 1430 1311 1421 1311 1408 1311 1375 1287 1362 1286 1362 1284 1362 1185 1375 1095 1362 1093 1362 1091 1362 1089 1362 1075 1373 955 1375 942 1364 942 1362 941 1362 939 1362 871 1362 869 1362 867 1362 865 1362 865 1364 853 1377 772 1377 759 1364 759 1362 757 1362 755 1362 753 1362 649 1371 621 1362 620 1362 618 1362 616 1362 614 1362 614 1364 601 1377 561 1377 478 1362 476 1362 475 1362 473 1362 473 1364 460 1377 376 1377 376 1408"/></Shape>
	    <String CONTENT="— Avec du blé, on fait ce qu’on veut."
                    HPOS="376"
                    VPOS="1362"
                    WIDTH="935"
                    HEIGHT="70"
                    WC="0.9830621496627205"></String>
          </TextLine>

          
          
          <TextLine ID="line_15"
                    TAGREFS="LT4328"
                    BASELINE="377 1487 1252 1487" 
                    HPOS="377"
                    VPOS="1439"
                    WIDTH="875"
                    HEIGHT="72">
            <Shape><Polygon POINTS="377 1487 377 1500 787 1500 801 1509 803 1509 805 1509 807 1511 966 1511 966 1509 968 1509 970 1509 970 1507 979 1500 1238 1509 1240 1509 1241 1509 1243 1509 1252 1500 1252 1487 1252 1454 997 1439 996 1439 994 1439 963 1452 935 1439 933 1439 931 1439 821 1452 792 1439 790 1439 788 1439 787 1439 785 1439 785 1441 772 1452 731 1439 730 1439 728 1439 726 1439 724 1439 724 1441 711 1452 673 1439 671 1439 669 1439 667 1439 636 1452 594 1439 592 1439 590 1439 515 1452 471 1439 469 1439 467 1439 465 1439 464 1439 464 1441 451 1454 377 1454 377 1487"/></Shape>
	    <String CONTENT="— Je crée de la beauté, dit Hartog."
                    HPOS="377"
                    VPOS="1439"
                    WIDTH="875"
                    HEIGHT="72"
                    WC="0.9991321305970888"></String>
          </TextLine>

          
          
          <TextLine ID="line_16"
                    TAGREFS="LT4328"
                    BASELINE="372 1569 2129 1566" 
                    HPOS="370"
                    VPOS="1520"
                    WIDTH="1759"
                    HEIGHT="64">
            <Shape><Polygon POINTS="372 1569 372 1584 2128 1582 2129 1566 2126 1531 1895 1531 1856 1520 1854 1520 1852 1520 1851 1520 1849 1520 1832 1531 1717 1531 1673 1520 1671 1520 1669 1520 1647 1531 370 1531 372 1569"/></Shape>
	    <String CONTENT="Julie renonça à répliquer. Le rousseau posa son rasoir sans le nettoyer."
                    HPOS="370"
                    VPOS="1520"
                    WIDTH="1759"
                    HEIGHT="64"
                    WC="0.9979942647616068"></String>
          </TextLine>

          
          
          <TextLine ID="line_17"
                    TAGREFS="LT4328"
                    BASELINE="372 1646 2234 1643" 
                    HPOS="370"
                    VPOS="1597"
                    WIDTH="1864"
                    HEIGHT="66">
            <Shape><Polygon POINTS="372 1646 372 1659 2230 1663 2234 1643 2232 1610 2192 1597 2190 1597 2188 1597 2106 1610 2003 1610 1983 1597 1981 1597 1979 1597 1977 1597 1975 1597 1944 1610 1814 1610 1794 1597 1792 1597 1790 1597 1788 1597 1740 1606 1726 1597 1724 1597 1722 1597 1619 1597 1618 1597 1555 1608 1498 1597 1496 1597 1495 1597 1460 1610 1286 1610 1240 1599 1238 1599 1236 1599 1234 1599 1201 1610 1172 1599 1170 1599 1168 1599 776 1610 667 1599 665 1599 561 1610 469 1599 467 1599 465 1599 464 1599 443 1611 370 1611 372 1646"/></Shape>
	    <String CONTENT="— J’ai quelques responsabilités à vous confier, fit-il d’une voix soudain"
                    HPOS="370"
                    VPOS="1597"
                    WIDTH="1864"
                    HEIGHT="66"
                    WC="0.9918695322672526"></String>
          </TextLine>

          
          
          <TextLine ID="line_18"
                    TAGREFS="LT4328"
                    BASELINE="310 1718 2230 1718" 
                    HPOS="310"
                    VPOS="1672"
                    WIDTH="1920"
                    HEIGHT="62">
            <Shape><Polygon POINTS="310 1718 310 1734 2230 1734 2230 1718 2228 1674 1526 1681 1504 1678 1480 1672 1478 1672 1476 1672 1474 1672 1467 1678 1458 1683 1330 1683 1315 1678 1297 1672 1295 1672 1109 1672 1108 1672 1065 1679 1051 1681 1038 1679 1007 1672 1005 1672 867 1679 836 1681 829 1679 798 1672 796 1672 794 1672 658 1681 645 1681 642 1681 599 1672 598 1672 596 1672 594 1672 579 1681 577 1683 460 1683 460 1681 332 1672 330 1672 328 1672 310 1681 310 1718"/></Shape>
	    <String CONTENT="différente. Je prends un avion à huit heures. Je serai absent trois jours. Il"
                    HPOS="310"
                    VPOS="1672"
                    WIDTH="1920"
                    HEIGHT="62"
                    WC="0.9972782708421538"></String>
          </TextLine>

          
          
          <TextLine ID="line_19"
                    TAGREFS="LT4328"
                    BASELINE="311 1788 2228 1788" 
                    HPOS="311"
                    VPOS="1744"
                    WIDTH="1917"
                    HEIGHT="62">
            <Shape><Polygon POINTS="311 1788 311 1806 2228 1806 2228 1788 2228 1756 2161 1744 2159 1744 2084 1755 2082 1755 2019 1744 1937 1744 1935 1744 1933 1744 1906 1755 1904 1756 1702 1756 1698 1755 1682 1744 1680 1744 1678 1744 1676 1744 1623 1755 1616 1756 1513 1756 1509 1753 1493 1744 1491 1744 1489 1744 1487 1744 1423 1753 1421 1753 1419 1753 1352 1744 1350 1744 1348 1744 1315 1753 1308 1755 1304 1753 1284 1744 1282 1744 1205 1744 1203 1744 1201 1744 1199 1744 1185 1753 1179 1756 920 1756 906 1751 869 1744 867 1744 798 1751 781 1753 768 1751 719 1744 656 1744 654 1744 653 1744 638 1751 629 1756 471 1756 454 1751 431 1744 429 1744 427 1744 311 1749 311 1788"/></Shape>
	    <String CONTENT="faudra vous débrouiller sans moi. Miss Boyd sera là, ma secrétaire. Vous"
                    HPOS="311"
                    VPOS="1744"
                    WIDTH="1917"
                    HEIGHT="62"
                    WC="0.9914545893669129"></String>
          </TextLine>

          
          
          <TextLine ID="line_20"
                    TAGREFS="LT4328"
                    BASELINE="313 1863 1485 1863" 
                    HPOS="313"
                    VPOS="1817"
                    WIDTH="1172"
                    HEIGHT="60">
            <Shape><Polygon POINTS="313 1863 313 1877 1485 1877 1485 1863 1485 1828 1273 1817 1271 1817 1269 1817 1267 1817 1267 1819 1258 1828 1109 1828 1078 1817 1076 1817 1075 1817 1073 1817 1040 1828 744 1828 680 1817 678 1817 676 1817 643 1826 634 1819 634 1817 632 1817 631 1817 570 1817 568 1817 566 1817 546 1828 363 1828 326 1817 324 1817 322 1817 321 1817 319 1817 319 1819 313 1824 313 1863"/></Shape>
	    <String CONTENT="ferez appel à elle si vous avez besoin d’argent."
                    HPOS="313"
                    VPOS="1817"
                    WIDTH="1172"
                    HEIGHT="60"
                    WC="0.9958478881388294"></String>
          </TextLine>

          
          
          <TextLine ID="line_21"
                    TAGREFS="LT4328"
                    BASELINE="374 1940 1808 1943" 
                    HPOS="372"
                    VPOS="1894"
                    WIDTH="1436"
                    HEIGHT="64">
            <Shape><Polygon POINTS="374 1940 372 1954 1805 1958 1808 1943 1807 1907 1751 1896 1750 1896 1748 1896 1746 1896 1733 1905 1702 1896 1700 1896 1698 1896 1652 1905 1651 1905 1647 1905 1452 1896 1451 1896 1308 1905 1291 1905 1280 1905 1192 1896 1190 1896 1148 1905 1141 1905 1128 1905 1031 1894 1029 1894 977 1903 975 1903 974 1903 836 1894 834 1894 832 1894 798 1903 796 1903 792 1903 724 1894 722 1894 720 1894 686 1903 682 1903 678 1903 621 1894 620 1894 618 1894 594 1903 590 1903 585 1903 533 1894 532 1894 530 1894 508 1903 504 1903 502 1903 473 1894 471 1894 469 1894 374 1901 374 1940"/></Shape>
	    <String CONTENT="Julie hocha distraitement la tête. Elle regardait une photo."
                    HPOS="372"
                    VPOS="1894"
                    WIDTH="1436"
                    HEIGHT="64"
                    WC="0.9865827062090889"></String>
          </TextLine>

          
          
          <TextLine ID="line_22"
                    TAGREFS="LT4328"
                    BASELINE="374 2022 1429 2022" 
                    HPOS="374"
                    VPOS="1975"
                    WIDTH="1055"
                    HEIGHT="60">
            <Shape><Polygon POINTS="374 2022 374 2035 1429 2035 1429 2022 1429 1991 1352 1975 1322 1975 1320 1975 1319 1975 1317 1975 1317 1976 1302 1989 1254 1975 1252 1975 1216 1975 1214 1975 1212 1975 1210 1975 1188 1989 1163 1975 1161 1975 1159 1975 1157 1975 1155 1975 1155 1976 1141 1991 895 1991 880 1976 880 1975 878 1975 876 1975 801 1975 799 1975 798 1975 765 1991 599 1991 570 1975 568 1975 473 1975 471 1975 469 1975 467 1975 467 1976 453 1991 374 1991 374 2022"/></Shape>
	    <String CONTENT="— Celle-ci me plaît, murmura-t-elle. Oui."
                    HPOS="374"
                    VPOS="1975"
                    WIDTH="1055"
                    HEIGHT="60"
                    WC="0.9827057648272741"></String>
          </TextLine>

          
          
          <TextLine ID="line_23"
                    TAGREFS="LT4328"
                    BASELINE="374 2105 2230 2101" 
                    HPOS="372"
                    VPOS="2052"
                    WIDTH="1858"
                    HEIGHT="73">
            <Shape><Polygon POINTS="374 2116 555 2125 557 2125 642 2116 654 2116 662 2116 708 2125 709 2125 768 2116 777 2116 2228 2116 2230 2101 2227 2066 2159 2066 2157 2064 2133 2052 2131 2052 2129 2052 2128 2052 2085 2064 2084 2066 1849 2066 1845 2064 1821 2052 1819 2052 1818 2052 1816 2052 1788 2064 1786 2064 1783 2064 1724 2052 1722 2052 1720 2052 1678 2064 1673 2064 1667 2064 1616 2052 1614 2052 1564 2063 1557 2066 1421 2066 1416 2063 1394 2052 1392 2052 1390 2052 1388 2052 1357 2063 1350 2064 1331 2063 1256 2053 1254 2053 1252 2053 1234 2063 1227 2068 1128 2068 1117 2063 1100 2053 1098 2053 1097 2053 1095 2053 1071 2063 1058 2066 1047 2063 1029 2053 1027 2053 913 2053 911 2053 909 2053 895 2061 886 2066 862 2061 823 2053 821 2053 739 2061 680 2066 667 2061 651 2053 649 2053 647 2053 581 2061 526 2066 506 2061 491 2055 489 2055 487 2055 486 2055 469 2061 454 2064 447 2061 436 2053 434 2053 432 2053 431 2053 372 2059 374 2105"/></Shape>
	    <String CONTENT="Hartog lui prit le cliché des mains, le regarda. Sur la croupe d’une"
                    HPOS="372"
                    VPOS="2052"
                    WIDTH="1858"
                    HEIGHT="73"
                    WC="0.9993938138519508"></String>
          </TextLine>

          
          
          <TextLine ID="line_24"
                    TAGREFS="LT4328"
                    BASELINE="310 2176 2227 2173" 
                    HPOS="308"
                    VPOS="2127"
                    WIDTH="1919"
                    HEIGHT="64">
            <Shape><Polygon POINTS="310 2176 310 2189 2223 2191 2227 2173 2223 2138 2137 2127 2135 2127 2133 2127 2100 2136 1869 2127 1867 2127 1865 2127 1838 2136 1807 2127 1805 2127 1803 2127 1724 2136 1630 2127 1629 2127 1627 2127 1607 2136 590 2129 588 2129 587 2129 585 2129 568 2140 464 2140 431 2129 429 2129 427 2129 308 2140 310 2176"/></Shape>
	    <String CONTENT="montagne s’étendait une accumulation presque anarchique de bâtiments bas."
                    HPOS="308"
                    VPOS="2127"
                    WIDTH="1919"
                    HEIGHT="64"
                    WC="0.9879118768374126"></String>
          </TextLine>

          
          
          <TextLine ID="line_25"
                    TAGREFS="LT4328"
                    BASELINE="308 2244 2228 2248" 
                    HPOS="306"
                    VPOS="2200"
                    WIDTH="1922"
                    HEIGHT="68">
            <Shape><Polygon POINTS="308 2244 306 2255 330 2266 332 2266 333 2268 2227 2268 2228 2248 2227 2213 2162 2202 2161 2202 1926 2211 1918 2211 1917 2211 1902 2202 1900 2202 1898 2202 1786 2202 1785 2202 1530 2211 1498 2211 1491 2211 1440 2202 1438 2202 1436 2202 1434 2202 1421 2211 1418 2213 1315 2213 1300 2211 1208 2200 1207 2200 1148 2209 1111 2200 1109 2200 1108 2200 1062 2209 1060 2211 847 2211 845 2209 827 2200 825 2200 823 2200 779 2209 776 2209 765 2209 632 2200 631 2200 581 2209 576 2209 572 2209 546 2200 544 2200 543 2200 308 2208 308 2244"/></Shape>
	    <String CONTENT="On aurait dit que des ruines de diverses origines avaient été concentrées,"
                    HPOS="306"
                    VPOS="2200"
                    WIDTH="1922"
                    HEIGHT="68"
                    WC="0.9969165023271139"></String>
          </TextLine>

          
          
          <TextLine ID="line_26"
                    TAGREFS="LT4328"
                    BASELINE="310 2319 2234 2316" 
                    HPOS="308"
                    VPOS="2272"
                    WIDTH="1926"
                    HEIGHT="69">
            <Shape><Polygon POINTS="310 2319 310 2332 1267 2341 1269 2341 2234 2330 2234 2316 2230 2283 2093 2272 2091 2272 2089 2272 2051 2283 1731 2283 1680 2272 1678 2272 1632 2281 1555 2272 1553 2272 1552 2272 1528 2283 1267 2285 1155 2285 1139 2274 1137 2274 1135 2274 1133 2274 1087 2283 897 2274 895 2274 583 2283 361 2274 359 2274 308 2285 310 2319"/></Shape>
	    <String CONTENT="reliées les unes aux autres par des maçonneries plus récentes, parsemées au"
                    HPOS="308"
                    VPOS="2272"
                    WIDTH="1926"
                    HEIGHT="69"
                    WC="0.9924143598049502"></String>
          </TextLine>

          
          
          <TextLine ID="line_27"
                    TAGREFS="LT4328"
                    BASELINE="310 2391 2230 2391" 
                    HPOS="310"
                    VPOS="2345"
                    WIDTH="1920"
                    HEIGHT="61">
            <Shape><Polygon POINTS="310 2391 310 2406 2230 2406 2230 2391 2230 2356 2175 2345 2173 2345 2085 2354 2084 2354 1992 2345 1990 2345 1896 2354 1891 2356 1630 2356 1629 2354 1610 2345 1608 2345 1607 2345 1568 2354 1563 2354 1553 2354 1467 2345 1465 2345 1410 2354 1401 2354 1377 2354 1225 2345 1223 2345 1155 2352 1139 2354 1111 2352 985 2345 983 2345 933 2352 919 2356 768 2356 763 2352 752 2345 750 2345 748 2345 746 2345 713 2352 700 2354 682 2352 629 2345 627 2345 310 2351 310 2391"/></Shape>
	    <String CONTENT="fil des années de nouvelles incohérences. Entre les pierres sèches et les"
                    HPOS="310"
                    VPOS="2345"
                    WIDTH="1920"
                    HEIGHT="61"
                    WC="0.985761887148807"></String>
          </TextLine>

          
          
          <TextLine ID="line_28"
                    TAGREFS="LT4328"
                    BASELINE="308 2464 2230 2461" 
                    HPOS="306"
                    VPOS="2417"
                    WIDTH="1924"
                    HEIGHT="69">
            <Shape><Polygon POINTS="308 2464 308 2486 482 2477 1007 2483 1241 2484 1243 2484 2228 2473 2230 2461 2227 2428 1999 2417 1997 2417 1995 2417 1977 2426 1962 2417 1961 2417 1959 2417 1957 2417 1873 2426 1841 2417 1840 2417 1838 2417 1689 2426 1629 2417 1627 2417 1469 2426 1394 2417 1392 2417 1247 2428 1148 2418 1146 2418 770 2428 535 2418 533 2418 532 2418 530 2418 513 2429 398 2429 341 2418 339 2418 337 2418 306 2428 308 2464"/></Shape>
	    <String CONTENT="plaques d’ardoise se tendaient des passerelles ineptes, montaient des pains"
                    HPOS="306"
                    VPOS="2417"
                    WIDTH="1924"
                    HEIGHT="69"
                    WC="0.9944021526972453"></String>
          </TextLine>

          
          
          <TextLine ID="line_29"
                    TAGREFS="LT4328"
                    BASELINE="310 2536 2232 2532" 
                    HPOS="308"
                    VPOS="2488"
                    WIDTH="1924"
                    HEIGHT="62">
            <Shape><Polygon POINTS="310 2536 310 2549 2228 2550 2232 2532 2228 2497 1278 2488 1276 2488 1275 2488 1273 2488 1258 2497 326 2490 324 2490 322 2490 321 2490 308 2495 310 2536"/></Shape>
	    <String CONTENT="de sucre de trois ou quatre mètres de haut, jamais davantage. Des végétaux"
                    HPOS="308"
                    VPOS="2488"
                    WIDTH="1924"
                    HEIGHT="62"
                    WC="0.9978440365233978"></String>
          </TextLine>

          
          
          <TextLine ID="line_30"
                    TAGREFS="LT4328"
                    BASELINE="310 2607 2208 2604" 
                    HPOS="308"
                    VPOS="2560"
                    WIDTH="1900"
                    HEIGHT="69">
            <Shape><Polygon POINTS="310 2607 310 2629 2206 2620 2208 2604 2205 2569 1275 2560 1273 2560 1271 2560 1269 2560 1252 2569 566 2561 565 2561 308 2571 310 2607"/></Shape>
	    <String CONTENT="poussaient dans des cours intérieures, dans des réduits, sur des bouts de toit."
                    HPOS="308"
                    VPOS="2560"
                    WIDTH="1900"
                    HEIGHT="69"
                    WC="0.9921287290843916"></String>
          </TextLine>

          
          
          <TextLine ID="line_31"
                    TAGREFS="LT4328"
                    BASELINE="372 2686 2230 2681" 
                    HPOS="370"
                    VPOS="2637"
                    WIDTH="1860"
                    HEIGHT="71">
            <Shape><Polygon POINTS="372 2686 372 2699 623 2708 625 2708 627 2708 647 2699 649 2699 713 2699 1164 2706 1166 2706 1304 2697 1330 2697 1352 2697 1465 2706 1467 2706 1469 2706 1487 2697 1489 2697 2228 2697 2230 2681 2227 2648 2120 2648 2118 2646 2104 2637 2102 2637 2100 2637 2098 2637 2096 2637 2067 2646 2038 2637 2036 2637 2034 2637 1764 2646 1740 2646 1739 2646 1709 2637 1707 2637 1706 2637 1704 2637 1674 2646 1671 2646 1665 2646 1610 2637 1608 2637 1607 2637 1586 2646 1579 2648 1572 2646 1552 2638 1550 2638 1548 2638 1546 2638 1518 2646 1507 2649 1298 2649 1291 2644 1275 2638 1273 2638 1271 2638 1102 2644 961 2649 922 2644 895 2640 893 2640 845 2644 776 2649 370 2644 372 2686"/></Shape>
	    <String CONTENT="Une rougeur violente empourpra le visage de Hartog, descendit à vue"
                    HPOS="370"
                    VPOS="2637"
                    WIDTH="1860"
                    HEIGHT="71"
                    WC="0.9982235712163589"></String>
          </TextLine>

          
          
          <TextLine ID="line_32"
                    TAGREFS="LT4328"
                    BASELINE="310 2758 2230 2754" 
                    HPOS="308"
                    VPOS="2708"
                    WIDTH="1922"
                    HEIGHT="79">
            <Shape><Polygon POINTS="310 2758 310 2787 464 2769 741 2769 801 2780 803 2780 908 2769 1021 2783 1049 2785 1051 2785 1053 2785 1060 2782 1075 2774 1089 2782 1093 2785 1095 2785 1097 2785 1098 2787 1218 2787 1218 2785 1219 2785 1229 2782 1252 2771 1311 2776 1313 2776 1315 2776 1317 2776 1331 2767 1456 2780 1506 2783 1507 2783 1533 2778 1590 2767 1627 2776 1629 2776 1630 2776 1715 2767 1753 2776 1764 2780 1766 2780 1768 2780 1944 2778 1946 2778 1948 2778 1951 2776 1966 2767 1988 2774 1997 2778 1999 2778 2001 2778 2021 2774 2056 2769 2067 2774 2084 2783 2085 2783 2087 2783 2228 2772 2230 2754 2228 2719 2208 2708 2206 2708 2205 2708 2203 2708 2096 2721 2091 2723 1818 2723 1689 2723 1623 2708 1621 2708 1619 2708 1566 2721 1357 2708 1355 2708 1353 2708 1330 2721 1260 2710 1258 2710 1069 2723 1065 2723 1042 2710 1040 2710 1038 2710 983 2719 922 2710 920 2710 919 2710 871 2723 759 2710 757 2710 755 2710 730 2725 487 2725 462 2710 460 2710 330 2710 328 2710 326 2710 324 2710 308 2719 310 2758"/></Shape>
	    <String CONTENT="d’œil sur son torse étroit, jusqu’au bandage. Le rousseau se griffa"
                    HPOS="308"
                    VPOS="2708"
                    WIDTH="1922"
                    HEIGHT="79"
                    WC="0.9988304429194507"></String>
          </TextLine>

          
          
          <TextLine ID="line_33"
                    TAGREFS="LT4328"
                    BASELINE="310 2827 1053 2826" 
                    HPOS="308"
                    VPOS="2783"
                    WIDTH="745"
                    HEIGHT="61">
            <Shape><Polygon POINTS="310 2827 310 2844 1053 2844 1053 2826 1049 2793 642 2783 640 2783 308 2793 310 2827"/></Shape>
	    <String CONTENT="nerveusement le cuir chevelu."
                    HPOS="308"
                    VPOS="2783"
                    WIDTH="745"
                    HEIGHT="61"
                    WC="0.9834879390124617"></String>
          </TextLine>

          
        </TextBlock>
        

        
      </PrintSpace>
    </Page>
  </Layout>
</alto>
