2550 3301
379 295 1849 71 — Il faut les mettre, intervint Nénesse. On est venu vous dire. À présent,

310 372 264 57 on se tire.

374 452 1691 63 Les yeux de Thompson lancèrent des éclairs. Sa moustache trembla.

374 529 1856 63 — Quand je le dirai! souffla-t-il violemment. Vous avez salopé le travail.

319 603 805 60 Vous avez des comptes à rendre.

374 684 1856 69 — L’argent qu’on a touché, dit Coco, on le garde. On regrette bien,

308 757 1922 62 monsieur Thompson, mais on a pris nos risques. Si ça a foiré, c’est parce

310 827 893 69 que la fille était pas bien endormie.

374 905 1023 63 Il regarda Thompson droit dans les yeux.

401 986 769 68 — C’est votre faute, conclut-il.

370 1061 1866 74 À l’arrière, Nénesse bougea vaguement le bras sous l’imperméable et

313 1137 1917 62 Thompson devina le revolver braqué sur lui à travers le tissu. La pluie

310 1206 1153 70 tambourinait frénétiquement sur la tôle du toit.

381 1289 1853 71 — À quoi songez-vous? fit Thompson avec mépris. Vous voulez

310 1362 1920 62 déclencher une fusillade ici? Vous me décevez profondément. Je vais vous

310 1435 737 61 dire ce que nous allons faire.

370 1509 987 71 — Monsieur Thompson, c’est inutile...

372 1591 1860 70 — Taisez-vous! Vous allez regagner votre domicile. Votre frère fera

310 1667 1920 62 soigner sa blessure. Je vais contacter mon client. Je reviendrai vous dire si

310 1736 1918 64 l’on exige ou non le remboursement des sommes déjà versées. N’ayez pas

311 1810 817 60 trop d’espoir. Vous êtes en faute.

376 1885 1854 75 — Vous non plus, Thompson, n’ayez pas trop d’espoir, grinça Nénesse.

310 1967 691 55 Rapport au remboursement.

372 2037 1858 73 — Il est inutile d’en discuter pour le moment, dit Thompson. Au revoir,

306 2112 1928 66 messieurs. Je reprendrai contact avec vous chez vous, au plus tard demain

311 2191 129 55 soir.

370 2257 1860 68 L'homme sortit de la Renault. Il demeura un instant immobile, les épaules

310 2334 1922 62 voûtées sous la pluie qui trempait son costume. Puis il marcha vivement

308 2406 816 71 jusqu’à sa Rover et mit en route.
