2550 3301
1223 607 96 66 UN

370 865 1862 66 C’était une Lincoln Continental noire. Les glaces latérales teintées

308 948 1924 55 interdisaient de distinguer ses occupants. Elle avait une certaine difficulté à

308 1025 1924 62 prendre les virages serrés de la petite route. Alentour, la forêt. Une multitude

308 1087 1924 64 de hêtres, un matelas de feuilles mortes et pourrissantes, qui débordait sur la

311 1164 162 57 route.

370 1234 1862 66 Une allée se présenta sur la droite, au milieu d’une trouée de cinquante

310 1307 1926 64 mètres de large. De part et d’autre de l’allée, le large bas-côté herbeux était

308 1379 1922 73 jalonné de bornes blanches que reliait une chaîne décorative. Pour virer dans

310 1454 1920 68 l’allée, la Lincoln dut tout d’abord contrebraquer jusqu’à occuper la moitié

310 1523 1920 70 gauche de la chaussée ; puis elle tourna et fila sur le revêtement blanc

313 1595 1908 70 granuleux. Des silex et de la poussière giclaient à l’intérieur des garde-boue.

370 1674 1860 68 L'allée menait droit à un manoir Louis XIII. Tours rondes aux angles. Une

308 1749 1920 68 tour avait les pieds dans l’eau et des nénuphars flottaient sous ses fenêtres.

310 1822 1258 61 La Lincoln avait ralenti. Le manoir se rapprochait.

370 1903 1860 61 Il était entouré d’une vaste surface herbeuse. Ici et là, des sentiers

308 1975 1920 67 s’enfonçaient dans le bois. On remarquait des promeneurs, par groupes,

313 2048 1917 60 vêtus de blouses longues, roses, bleues, vert pistache. La grosse voiture

308 2127 1926 58 dépassa un jeune homme voûté, les cheveux longs, des lunettes, qui avait

310 2191 1926 68 déboutonné sa blouse bleue pour uriner sur une taupinière. Il s’était

308 2261 1928 66 agenouillé pour une plus grande précision du jet. Il dirigeait méticuleusement

310 2334 1924 62 son pipi dans l’orifice creusé par la taupe. Il avait l’air sérieux et

308 2404 1790 66 malveillant. Il ne fit nullement attention à l’impressionnante automobile.

370 2483 1866 66 La Lincoln dépassa d’autres personnages étranges. Les hommes étaient en

310 2560 1926 58 bleu, les femmes en rose. Les personnes en blouse vert pistache- hommes et

310 2627 1722 63 femmes- avaient l’air efficaces. C’étaient manifestement des cadres.

372 2715 1864 56 La voiture acheva de parcourir l’allée et stoppa sur un terre-plein, devant

308 2778 1922 66 le château, à proximité de l’escalier central, bref, double et blanc. Après

310 2851 1924 66 avoir coupé le contact, le chauffeur descendit. C’était un homme d’environ

308 2926 1924 68 trente-cinq ans, courtaud, le corps et le visage ronds, de petites jambes, en
