2550 3301
310 295 1926 68 Lincoln. Le chauffeur lisait l’Équipe. Il avait mis des verres teintés. Il rendit

310 370 469 62 son regard à Julie.

370 452 1860 61 Les deux femmes entrèrent dans la tour par une petite porte. Quelques

310 526 1918 68 mètres de couloir, puis le capitonnage de cuir blanc, le bouton de sonnette,

311 592 334 75 l’interphone.

376 674 442 61 — Entrez, entrez.

372 751 1858 66 Une fois dans le bureau, Julie observa le rousseau en s’étonnant de sa

308 827 1919 73 jeunesse et de son costume de minet. Rosenfeld s’était levé, la pipe au bec,

310 900 737 60 moins jovial que de coutume.

372 973 1623 75 — Michel Hartog, Julie Ballanger, fit-il en guise de présentation.

372 1056 475 64 Hartog toisa Julie.

372 1138 1431 66 — Je vous propose de causer en roulant. Allons-nous-en.

372 1210 435 77 — Quoi ? Déjà?

370 1289 1860 75 — Vous pourriez faire un petit tour dans le parc, intervint Rosenfeld. Le

310 1368 1922 62 temps de faire connaissance. Julie est légitimement bouleversée à l’idée de

308 1441 1922 70 nous quitter pour toujours après avoir vécu cinq ans ici. À sa place, vous

308 1514 495 68 paniqueriez un peu.

374 1589 1858 74 — Ça me ferait mal, dit Hartog. Allons, venez, ajouta-t-il à l’adresse de

308 1659 156 74 Julie.

374 1738 1858 75 — Je peux vous faire porter des rafraîchissements près de l’étang, insista

308 1815 981 61 encore Rosenfeld d’une voix mourante.

374 1896 1856 64 Hartog ne prit même pas la peine de lui répondre. Il saisit la valise de

310 1965 1559 66 Julie et tendit la main au médecin. Celui-ci la serra mollement.

374 2044 1414 72 — Julie, fit Rosenfeld, je n’ai pas besoin de vous dire...

377 2127 1189 69 — Très juste! s’exclama grossièrement Hartog.

374 2204 1590 66 Il prit la jeune femme par le coude et la remorqua vers la sortie.
