2550 3301
1120 605 296 66 DIX-NEUF

379 869 1857 64 Thompson, vêtu de son complet humide de pluie, avait mis sa Rover au

302 940 1928 75 parking d’Orly et pris un avion-taxi. Un autre avion-taxi le ramena à Orly

308 1014 1926 64 dans la matinée du lendemain. L’homme prit pour une heure une chambre au

310 1096 1920 53 Hilton. Il fit nettoyer et repasser ses deux costumes. En attendant, assis dans

310 1159 1926 62 sa chambre, vêtu d’un peignoir d’éponge bleu et marron à rayures, il buvait

308 1230 1922 61 de la Vittel et allait aussitôt vomir dans le lavabo. Sa peau avait pris une

308 1302 1924 62 teinte livide, ses yeux étaient injectés de sang, ses nausées dégénéraient par

308 1373 1928 64 instants en quintes de toux irrépressibles, épouvantables. Il tremblait. Il avait

308 1443 1924 68 le nez bouché et très sec. Sa peau était brûlante. Il prit une douche et se mit à

308 1518 462 68 claquer des dents.

370 1593 1866 66 Dès qu’on lui apporta ses vêtements nettoyés, Thompson se hâta. Il revêtit

308 1668 1920 66 le costume tabac sur une chemise gris fer à col roulé. Il régla sa note,

308 1738 1924 64 récupéra la Rover et fonça vers Paris. À cause des nausées, il éprouvait de

308 1810 1922 71 grandes difficultés à conduire. Il quitta le boulevard périphérique par la

308 1881 1924 73 porte Brancion et pénétra dans Malakoff. Non loin de la voie de chemin de

311 1956 1923 63 fer, dans une ruelle crasseuse où l’herbe sourdait entre les pavés, Thompson

311 2026 1917 71 se gara devant un pavillon lépreux flanqué d’une cour et d’un hangar rouillé.

308 2097 1926 63 L’homme descendit, alla sonner à la grille. Les trottoirs défoncés étaient

308 2169 1919 73 parsemés d’ordures, de débris textiles et métalliques. Des chats errants s’y

311 2244 1917 63 faufilaient. Une inscription ancienne, à demi effacée disait RIDGWAY À LA

310 2316 1153 60 PORTE. Le visage de Thompson était contracté.

372 2396 1856 65 La grille s’ouvrit et Thompson ne se détendit pas en voyant devant lui

310 2468 915 62 Coco, vêtu d’un bleu de mécanicien.

379 2550 855 70 — Il faut que je rentre ma voiture.

370 2626 910 62 Coco scruta la rue d’un air méchant.

376 2704 1036 76 — L’argent? Qu’est-ce qui a été décidé?

374 2789 579 68 — Je vous en parlerai.
