2550 3301
308 293 1922 75 plié en deux par une crampe. Enfin il s’installa à la droite de Nénesse qui

308 368 1920 64 avait pris le volant. Bibi et le colosse blond, ayant bouclé le chalet, les

302 437 1925 69 rejoignirent aussitôt et prirent place à l’arrière. Les quatre hommes

310 517 693 58 transpiraient abondamment.

376 597 1572 70 — Plus que quelques minutes et ce sera terminé, dit Thompson.

376 674 1183 70 — C’est maintenant le plus dangereux, dit Bibi.

381 757 721 62 Thompson ferma sa portière.

376 834 486 66 — Nous le savons.

372 911 1053 71 — Vous êtes sûr qu’ils sont inconscients?

374 992 878 71 — Un bœuf, à leur place, le serait.

376 1072 1852 72 — La fille prenait plein de pilules. Elle est peut-être immunisée.

310 1148 1922 69 J’aimerais pas qu’elle ouvre les yeux et qu’elle nous regarde pendant la

308 1221 176 66 chose.

374 1291 774 73 — Elle dort, je vous l’affirme.

372 1373 1864 72 Allongée sur le dos dans le coffre, incapable de volonté, Julie regardait

310 1450 1170 61 au-dessus d’elle et écoutait parler les hommes.

370 1527 1860 64 Nénesse acheva de faire soigneusement chauffer son moteur, puis la R 16

311 1600 1917 68 s’ébranla, franchit le goulet, quitta la vallée. Suivant une piste sommaire,

308 1670 1922 64 elle parcourut plusieurs kilomètres à travers une lande sableuse, couverte de

311 1744 1919 69 bruyère, parsemée de pins et de bouleaux. Elle accéda enfin à une

310 1813 1460 66 départementale étroite et déserte, où elle prit de la vitesse.

376 1896 488 68 — Mollo, nénesse.

370 1975 662 67 — Je connais mon métier.

376 2053 1091 65 — Déposez-moi ici, dit soudain Thompson.

376 2132 403 64 Nénesse freina.

376 2215 1317 70 — Ici? Ça va vous faire une trotte jusqu’à Nemours.

372 2288 1513 72 — Ça va me faire six kilomètres. L’air frais me fera du bien.

374 2374 1752 68 — Vous êtes sûr que vous ne voulez pas achever la balade avec nous?

377 2451 1851 70 — Je m’en tiens au plan, dit Thompson. Je ne sais rien de cette

311 2527 305 69 promenade.

374 2604 1695 71 — Vous charriez, monsieur Thompson, dit soudain le colosse blond.

381 2684 1033 63 Thompson ouvrit la portière et descendit.

376 2763 1856 74 — Je vous retrouverai en fin d’après-midi au Blason du Roy, Je serai au

310 2837 698 67 bar à partir de seize heures.

374 2914 1653 66 Il prit la mallette fauve contenant sa carabine et claqua la portière.
