2550 3301
1208 605 127 69 DIX

376 869 1858 64 Il était dix heures du matin lorsque Julie et Peter arrivèrent en taxi au

311 942 1886 64 Luxembourg. La colère de la jeune fille se coagulait doucement dans sa tête.

374 1021 978 70 — Je ne suis jamais venu ici, dit Peter.

377 1104 463 56 — Tu as dû venir.

376 1181 1495 69 — Non, jamais. Marcelle m’emmenait au bois de Boulogne.

372 1259 1858 74 L’enfant avançait, voûté, les mains dans les poches de ses jeans de

311 1331 1917 71 velours, regardant les cailloux de l’allée dans lesquels il donnait des coups

310 1402 1168 65 de pied. Il avait l’air d’un petit vieux furibond.

383 1487 1077 69 — Qu’est-ce qu’on va faire? demanda-t-il.

381 1567 670 68 — Se promener. Bavarder.

381 1643 345 71 — La barbe!

374 1722 352 71 Julie soupira.

377 1808 531 68 — Je ne te plais pas.

376 1879 724 72 — J’aimais mieux Marcelle.

383 1969 1517 68 — Il y a des jeux, dit la jeune fille. Je vais t’emmener là-bas.

370 2041 1860 64 Elle se dirigea vers la partie ouest des jardins, où se trouvent des courts

308 2114 1926 64 de tennis, des terrains de boules, un parc de distractions enfantines, un

308 2189 1922 61 manège, un guignol. Julie et Peter croisaient des étudiants, des mamans, des

308 2257 1920 81 petits vieux. La jeune fille ouvrait fort les yeux et les narines, étourdie par

313 2332 690 61 l’air, les couleurs, les sons.

374 2409 1755 63 — Je t’emmènerai dans des tas d’endroits, dit-elle d’un ton conciliant.

370 2490 1862 62 Peter s’en foutait. Il monta sans plaisir sur le manège, se laissa attacher

308 2561 1926 63 avec une courroie. Il chevauchait un grand lion de bois. Il palpa distraitement

310 2631 1852 66 les crocs de l’animal. La machine se mit en branle. Peter regardait le vide.

374 2712 921 64 — Et puis la barbe, ronchonna Julie.

372 2796 1860 59 Elle s’assit sur un banc proche. Avant de prendre le taxi, elle avait acheté

313 2868 1921 60 Vogue. Elle feuilleta la revue. Des femmes longues et somptueuses flottaient
