2550 3301
1183 608 174 63 ZERO

370 867 1866 73 L’homme que Thompson devait tuer, un pédéraste coupable d’avoir séduit

310 942 1918 68 le fils d’un industriel, entra dans sa chambre. Refermant sa porte derrière lui,

308 1017 1924 61 il eut le temps de sursauter à la vue de Thompson debout contre le mur à côté

310 1089 1920 60 des gonds. Puis Thompson lui plongea dans le cœur une lame de scie rigide

308 1162 1924 59 montée sur une grosse poignée cylindrique et pourvue d’une garde circulaire

310 1232 1922 70 en tôle. Tandis que la garde empêchait les jets de sang, Thompson agita

311 1314 1921 50 vigoureusement la poignée cylindrique et le cœur de l’homosexuel se trouva

308 1375 1926 64 coupé en deux ou plusieurs morceaux. La victime ouvrit la bouche et eut un

308 1446 1922 63 seul spasme. Sa croupe heurta le battant et elle tomba morte en avant.

315 1520 1917 60 Thompson fit un pas de côté. Le cadavre lui laissa sur la main une trace de

310 1591 1920 61 rouge à lèvres. Thompson s’essuya avec dégoût. Depuis une demi-heure, ses

308 1663 1924 68 crampes d’estomac étaient devenues presque intolérables. Il quitta la

306 1733 1928 62 chambre. Personne ne l’avait vu entrer, personne ne le vit sortir. Il était deux

308 1804 1922 64 heures du matin. Thompson avait un rendez-vous à Paris à onze heures. Il se

310 1879 1922 61 dirigea à pied vers la gare de Perrache. Les crampes le pliaient en deux. Le

310 1949 1926 62 tueur décida de lâcher le métier. Bientôt. C’était chaque fois pire. Il n’avait

308 2020 1924 63 rien pu absorber depuis une dizaine d’heures. À présent qu’il avait tué, la

311 2092 1921 64 faim le tenaillait d’une manière dégoûtante. Il pénétra enfin dans le buffet de

308 2165 1922 63 la gare. Il commanda une choucroute et la dévora. Il se sentit mieux. Il

308 2237 1920 62 commanda une deuxième choucroute et la dégusta. Son ventre était apaisé.

310 2308 1922 70 Son esprit également : Thompson venait de gagner une aimable somme

310 2382 1924 62 d’argent. Il était trois heures. Le tueur paya, rejoignit sa Rover grise devant

310 2451 1229 70 un parcmètre, prit la direction de l’autoroute A6.

372 2528 1860 65 Plus tard, il s’arrêta dans un parking entre Lyon et Paris et fit un somme

308 2596 385 81 jusqu’à l’aube.

372 2681 1864 66 À onze heures du matin, il fut exact à son rendez-vous. Le nouveau client

308 2756 1922 62 avait mis des lunettes noires et Thompson sourit de cette puérilité. Assis

306 2827 1926 65 dans un box, les deux hommes burent de la bière écossaise. Le nouveau

308 2901 1089 62 client posa une photo retournée sur la table.
