2550 3301
394 297 1836 73 — Il n’y a pas de dégâts. Pourquoi ne les empêchez-vous pas de lancer

310 370 330 71 des pierres?

369 448 1291 71 — Autodiscipline. Vous ne pouvez pas comprendre.

376 533 445 63 — Pauvre conne.

376 610 592 64 La fille rougit et sourit.

376 691 1251 68 — Ce sera tout, ajouta le rousseau. Allez-vous en.

372 768 1165 64 La fille s’en alla, rouge. Elle cessa de sourire.

372 847 1858 64 — Restez dans la voiture, dit le rousseau au chauffeur. Empêchez-les de

308 918 924 75 jeter des cailloux. Cognez au besoin.

368 999 1864 66 Le chauffeur s’assit en travers de son siège, laissant dépasser ses jambes à

308 1072 1922 65 l’extérieur, tandis que son patron montait l’escalier blanc et pénétrait dans le

306 1142 1924 68 manoir. Il faisait frais dans le hall. Le rousseau frissonna. Le sol était dallé

308 1217 1926 64 de marbre. Il y avait des fausses portes en glace tout le long du hall. Un

308 1294 1926 57 homme brun, de type latin, était assis derrière une table d’acajou et lisait

308 1355 411 73 Charlie-Hebdo.

372 1435 1858 74 — Michel Hartog, lui dit le rousseau. Je suis attendu. Rendez-vous avec le

308 1509 490 64 docteur Rosenfeld.

372 1589 726 72 — En effet. Je vous conduis.

372 1670 1856 66 L’homme brun se leva, laissa son journal sur la table et précéda Hartog. Il

308 1744 1922 64 ouvrit une porte en glace et longea un couloir étroit et capitonné. Il sonna à

310 1815 895 68 une porte rembourrée de cuir blanc.

387 1898 699 67 — Entrez, dit un interphone.

374 1973 710 73 Le type brun ouvrit la porte.

376 2053 693 74 — M. Hartog, annonça-t-il.

374 2130 1759 66 Il s’effaça pour laisser entrer le rousseau, referma la porte et s’en alla.

372 2211 1862 81 Le docteur Rosenfeld vint au-devant de Hartog, la main tendue. Ils étaient

311 2286 1919 63 à peu près de la même taille. Rosenfeld avait un début de calvitie, une

311 2362 1474 60 expression enjouée, une cravate écossaise et pas de veston.

376 2439 944 58 — Je suis content de vous voir, dit-il.

374 2517 548 70 — La fille est prête?

377 2587 1857 79 — Mlle Ballanger se prépare. Elle va être là dans une minute. Je fais tout

308 2666 447 71 de suite prévenir.

370 2758 1860 55 Il retourna derrière son bureau et manipula un interphone. Ici, on était dans

310 2820 1920 66 la tour d’angle qui donnait sur le plan d’eau. Un parfum humide entrait par la

311 2895 1697 63 fenêtre ouverte. Hartog s’approcha de la croisée, regarda au-dehors.
