2550 3301
387 297 1847 62 — C’est à cause de ma réputation de bonté. Tout le monde me croit

311 370 908 70 gâteux. Voulez-vous boire un verre?

374 449 576 69 — Cela m’est interdit.

377 528 1349 62 — Au cul! s’écria Hartog et Julie sourcilla follement.

372 610 1860 64 Le jeune homme ouvrit le bar compact et versa deux Ballantine sur de la

311 682 1004 68 glace. Il en mit un dans la main de Julie.

376 759 1120 73 — Dédé! appela-t-il. Vous voulez un verre?

376 843 754 61 — Avec joie, dit le chauffeur.

368 918 1864 64 Hartog lui passa un whisky que l’homme courtaud vida en conduisant. La

310 997 1922 59 Lincoln rejoignit l’autoroute de l’Ouest. Aussitôt, elle accéléra. Elle monta à

306 1065 1924 72 cent quarante et y resta, dévorant la piste de gauche. Les passagers étaient à

310 1137 816 67 l’aise comme dans un wagon-lit.

374 1219 1853 64 — Que pensez-vous de moi? Que savez-vous de moi? demanda Hartog.

310 1289 1528 64 Est-ce que vous avez l’impression de vivre un conte de fées?

374 1368 939 67 — Je ne crois pas aux contes de fées.

372 1448 556 70 — Bien. Alors quoi?

372 1523 1856 72 — Vous êtes empereur du savon, de l’huile et des lessives. Vous êtes très

310 1599 544 71 riche et philanthrope.

370 1679 541 72 — N’exagérons rien.

372 1756 1862 72 — Vous faites le Bien. Sans doute cherchez-vous à compenser un

311 1843 1919 49 sentiment d’usurpation. Car votre fortune ne vous vient pas de votre travail.

308 1903 1922 62 C’est la mort de votre frère et de sa femme qui vous en a rendu maître. Vous

306 1973 1926 66 avez dû développer un fort sentiment de culpabilité, pour peu que vous ayez

310 2046 1924 62 souhaité cette mort. Et on souhaite toujours la mort de son frère, à un niveau

310 2130 302 48 ou un autre.

374 2198 1856 72 — Compliments! cria Hartog d’une voix blanche. C’est ça qu’on vous

308 2268 473 73 apprend à l’asile?

376 2347 1854 73 — Ce n’était pas un asile, mais une institution libre. Je pouvais en sortir

310 2422 440 72 quand je voulais.

370 2501 1191 71 — Mais vous y êtes restée cinq ans. Pourquoi?

372 2578 1368 71 — Vous avez étudié mon dossier. Vous savez pourquoi.
