2550 3301
1177 605 189 73 VINGT

374 869 1766 66 Pour la deuxième nuit consécutive, Julie n’avait absolument pas dormi.

369 949 1858 66 Peter s’éveilla à six heures du matin, après avoir dormi dix-sept heures.

310 1026 1920 57 Son sommeil avait progressivement cessé d’être anormal, à partir de minuit.

310 1089 1920 68 En s’éveillant, l’enfant poussa un cri. Julie sauta à bas de son lit et se hâta

315 1166 1915 62 vers le garçonnet. Il s’était dressé sur son séant. Il regardait sans comprendre

311 1236 837 69 la pénombre grise de la chambre.

381 1318 728 70 — Je suis là. N’aie pas peur.

372 1399 1856 62 Peter noua ses bras autour du cou de la jeune fille, serra de toutes ses

313 1470 710 64 forces, l’étranglant à moitié.

372 1547 1330 72 — Où sommes-nous, Julie? Où sont les sales types?

374 1628 1629 64 — Chut! Nous sommes dans un hôtel. Nous nous sommes sauvés.

374 1712 631 66 — Ils nous poursuivent?

374 1789 216 65 — Non.

379 1866 1288 72 — La police les a attrapés? Tu as alerté la police?

372 1945 1858 72 Julie se dégagea en frissonnant. L’enfant scruta la chambre. Elle était très

311 2022 1925 68 grande, avec des murs crépis de blanc, et une table de toilette ancienne et

308 2094 1922 62 rustique, en bois, avec un lavabo encastré et une cruche, une grande glace

310 2167 1539 63 ovale montée sur un axe horizontal, entre deux piliers de bois.

376 2241 880 71 — La police! répéta Peter. Alors?

376 2321 867 74 — Je ne suis pas allée à la police.

381 2402 352 70 — Pourquoi?

370 2483 1860 66 Julie secoua la tête avec exaspération et ses cheveux noirs volèrent autour

311 2558 446 60 de son cou blanc.

379 2635 1130 58 — T’es toute nue, observa Peter avec intérêt.

372 2710 1660 70 — Je m’habille. Habille-toi aussi. On va prendre le petit déjeuner.

376 2793 574 73 — Et la police, alors?
