<?xml version="1.0" encoding="UTF-8"?>
<alto xmlns:xsi="http://www.w3.org/2001/XMLSchema-instance"
      xmlns="http://www.loc.gov/standards/alto/ns-v4#"
      xsi:schemaLocation="http://www.loc.gov/standards/alto/ns-v4# http://www.loc.gov/standards/alto/v4/alto-4-2.xsd">
  <Description>
    <MeasurementUnit>pixel</MeasurementUnit>
    <sourceImageInformation>
      <fileName>page_00038.png</fileName>
      
    </sourceImageInformation>
  </Description>
  
  <Tags>
    <OtherTag ID="BT11002" LABEL="MaineZone" DESCRIPTION="block type MaineZone"/><OtherTag ID="BT11004" LABEL="TitlePageZone" DESCRIPTION="block type TitlePageZone"/><OtherTag ID="BT11005" LABEL="RunningTitleZone" DESCRIPTION="block type RunningTitleZone"/><OtherTag ID="BT11006" LABEL="NumberingZone" DESCRIPTION="block type NumberingZone"/><OtherTag ID="BT11009" LABEL="MainZone" DESCRIPTION="block type MainZone"/><OtherTag ID="BT11010" LABEL="QuireMarksZone" DESCRIPTION="block type QuireMarksZone"/>
    <OtherTag ID="LT4328" LABEL="DefaultLine" DESCRIPTION="line type DefaultLine"/><OtherTag ID="LT4329" LABEL="HeadingLine" DESCRIPTION="line type HeadingLine"/><OtherTag ID="LT4330" LABEL="default" DESCRIPTION="line type default"/>
  </Tags>
  
  <Layout>
    <Page WIDTH="2550"
          HEIGHT="3301"
          PHYSICAL_IMG_NR="33"
          ID="eSc_dummypage_">
      <PrintSpace HPOS="0"
                  VPOS="0"
                  WIDTH="2550"
                  HEIGHT="3301">
        
        <TextBlock HPOS="274"
                   VPOS="315"
                   WIDTH="1992"
                   HEIGHT="2602"
                   ID="block_0"
                   TAGREFS="BT11009">
          <Shape><Polygon POINTS="2257 315 2266 2917 274 2917 291 315"/></Shape>
          
          
          <TextLine ID="line_0"
                    TAGREFS="LT4328"
                    BASELINE="387 342 587 346" 
                    HPOS="385"
                    VPOS="297"
                    WIDTH="202"
                    HEIGHT="67">
            <Shape><Polygon POINTS="387 342 385 352 486 364 487 364 585 355 587 346 585 319 487 297 456 297 454 297 453 297 451 297 451 298 432 315 387 315 387 342"/></Shape>
	    <String CONTENT="— Bon."
                    HPOS="385"
                    VPOS="297"
                    WIDTH="202"
                    HEIGHT="67"
                    WC="0.9806324740250906"></String>
          </TextLine>

          
          
          <TextLine ID="line_1"
                    TAGREFS="LT4328"
                    BASELINE="376 427 2228 427" 
                    HPOS="376"
                    VPOS="377"
                    WIDTH="1852"
                    HEIGHT="74">
            <Shape><Polygon POINTS="376 440 845 451 847 451 992 441 1001 441 1020 441 1328 451 1330 451 1429 441 1440 441 1473 441 1786 451 1788 451 2228 441 2228 427 2228 390 2144 377 2142 377 2140 377 2106 388 2106 390 2008 390 2006 388 1979 377 1977 377 1975 377 1878 386 1847 377 1845 377 1843 377 1841 377 1808 388 1803 388 1796 388 1740 377 1739 377 1691 386 1682 388 1663 386 1564 377 1563 377 1561 377 1531 386 1524 388 1517 386 1485 377 1484 377 1482 377 1480 377 1451 386 1443 388 1436 386 1414 377 1412 377 1410 377 1408 377 1383 386 1374 388 1357 386 1304 377 1243 377 1241 377 1240 377 1238 377 1225 385 1218 390 1086 390 1073 385 1049 377 1047 377 1045 377 1043 377 1021 385 1008 390 909 390 900 385 886 377 884 377 882 377 880 377 860 385 845 388 821 383 788 377 787 377 785 377 765 383 746 390 656 390 643 383 631 377 629 377 627 377 625 377 607 383 588 388 376 383 376 427"/></Shape>
	    <String CONTENT="Elle se leva. Le jeune homme lui prit le bras. Ils pénétrèrent dans"
                    HPOS="376"
                    VPOS="377"
                    WIDTH="1852"
                    HEIGHT="74"
                    WC="0.9988022557326726"></String>
          </TextLine>

          
          
          <TextLine ID="line_2"
                    TAGREFS="LT4328"
                    BASELINE="313 498 1317 498" 
                    HPOS="313"
                    VPOS="452"
                    WIDTH="1004"
                    HEIGHT="63">
            <Shape><Polygon POINTS="313 498 313 513 1315 515 1317 498 1317 465 1238 452 1236 452 1188 463 1185 465 1098 465 1097 463 1075 452 1073 452 1071 452 1005 462 990 463 893 463 891 462 884 454 884 452 882 452 880 452 878 452 876 452 849 462 838 463 820 462 766 452 765 452 763 452 731 460 717 463 706 460 687 452 686 452 684 452 621 460 583 463 561 460 530 452 528 452 486 458 447 463 313 458 313 498"/></Shape>
	    <String CONTENT="l’enceinte grillagée entourant le manège."
                    HPOS="313"
                    VPOS="452"
                    WIDTH="1004"
                    HEIGHT="63"
                    WC="0.9969108603721442"></String>
          </TextLine>

          
          
          <TextLine ID="line_3"
                    TAGREFS="LT4328"
                    BASELINE="376 579 1163 575" 
                    HPOS="374"
                    VPOS="546"
                    WIDTH="789"
                    HEIGHT="44">
            <Shape><Polygon POINTS="1144 574 1126 574 1108 574 1089 574 1071 574 1053 574 1034 574 1016 574 997 574 979 574 961 574 942 574 924 574 906 574 887 574 869 574 851 574 832 574 814 574 796 574 777 574 759 574 741 574 722 574 704 574 686 574 667 574 649 574 631 574 612 574 594 574 576 574 557 574 539 574 533 557 532 555 521 546 519 546 517 546 449 546 447 546 374 555 376 579 376 590 1161 590 1163 575 1161 574 1144 574"/></Shape>
	    <String CONTENT="— Je veux rester! clama Peter."
                    HPOS="374"
                    VPOS="546"
                    WIDTH="789"
                    HEIGHT="44"></String>
          </TextLine>

          
          
          <TextLine ID="line_4"
                    TAGREFS="LT4328"
                    BASELINE="377 658 854 658" 
                    HPOS="377"
                    VPOS="612"
                    WIDTH="477"
                    HEIGHT="68">
            <Shape><Polygon POINTS="377 658 377 667 730 680 731 680 854 667 854 658 854 629 728 629 695 612 693 612 691 612 627 623 566 612 565 612 563 612 537 627 515 612 513 612 511 612 460 612 458 612 456 612 454 612 454 614 440 629 377 629 377 658"/></Shape>
	    <String CONTENT="— Ne discute pas."
                    HPOS="377"
                    VPOS="612"
                    WIDTH="477"
                    HEIGHT="68"
                    WC="0.9912795494584477"></String>
          </TextLine>

          
          
          <TextLine ID="line_5"
                    TAGREFS="LT4328"
                    BASELINE="374 739 1889 735" 
                    HPOS="372"
                    VPOS="685"
                    WIDTH="1517"
                    HEIGHT="66">
            <Shape><Polygon POINTS="374 739 374 751 1887 750 1889 735 1885 700 1796 685 1794 685 1792 685 1762 700 1689 700 1656 685 1654 685 1652 685 1651 685 1621 700 1469 700 1430 685 1429 685 1427 685 1425 685 1423 685 1405 698 1348 685 1346 685 1344 685 1342 685 1328 698 1219 698 1181 685 1179 685 1177 685 1175 685 1174 685 1155 698 1065 687 1064 687 1062 687 1027 700 1025 700 1023 700 952 687 950 687 948 687 917 700 915 700 878 687 876 687 875 687 873 687 843 700 843 702 697 702 695 700 669 687 667 687 535 687 533 687 532 687 504 700 476 687 475 687 387 687 385 687 383 687 381 687 372 693 374 739"/></Shape>
	    <String CONTENT="Julie défit la courroie. L’enfant descendit de mauvaise grâce."
                    HPOS="372"
                    VPOS="685"
                    WIDTH="1517"
                    HEIGHT="66"
                    WC="0.991505996324122"></String>
          </TextLine>

          
          
          <TextLine ID="line_6"
                    TAGREFS="LT4328"
                    BASELINE="374 817 2228 817" 
                    HPOS="374"
                    VPOS="772"
                    WIDTH="1854"
                    HEIGHT="62">
            <Shape><Polygon POINTS="374 817 374 834 2228 834 2228 817 2228 783 2205 772 2203 772 2201 772 2199 772 2151 783 2049 772 2047 772 1895 781 1836 772 1834 772 1832 772 1794 781 1689 772 1687 772 1685 772 1684 772 1669 781 1649 772 1647 772 1462 772 1460 772 1458 772 1429 783 1346 772 1344 772 1280 783 1089 773 1087 773 1086 773 1084 773 1067 784 750 784 654 772 653 772 651 772 627 784 537 784 471 772 469 772 467 772 465 772 447 784 374 784 374 817"/></Shape>
	    <String CONTENT="— On va aller se promener tous ensemble, lui dit le jeune homme brun. Je"
                    HPOS="374"
                    VPOS="772"
                    WIDTH="1854"
                    HEIGHT="62"
                    WC="0.9980902348955473"></String>
          </TextLine>

          
          
          <TextLine ID="line_7"
                    TAGREFS="LT4328"
                    BASELINE="311 893 1896 889" 
                    HPOS="310"
                    VPOS="839"
                    WIDTH="1586"
                    HEIGHT="68">
            <Shape><Polygon POINTS="311 893 311 907 1895 905 1896 889 1893 852 1818 839 1816 839 1814 839 1790 852 1788 854 1597 854 1594 852 1570 839 1568 839 1566 839 1564 839 1539 852 1537 852 1535 852 1482 839 1480 839 1478 839 1451 852 1414 839 1412 839 1410 839 1408 839 1407 839 1392 850 1241 852 1236 852 1194 839 1192 839 1190 839 1188 839 1146 852 1040 841 1038 841 1036 841 1034 841 1016 854 990 841 988 841 986 841 706 854 693 854 664 841 662 841 660 841 563 850 502 841 500 841 498 841 475 854 365 841 363 841 361 841 310 854 311 893"/></Shape>
	    <String CONTENT="m’appelle Bibi, comme Bibi Fricotin, c’est facile à se rappeler."
                    HPOS="310"
                    VPOS="839"
                    WIDTH="1586"
                    HEIGHT="68"
                    WC="0.9950914557163532"></String>
          </TextLine>

          
          
          <TextLine ID="line_8"
                    TAGREFS="LT4328"
                    BASELINE="377 962 1091 968" 
                    HPOS="376"
                    VPOS="915"
                    WIDTH="715"
                    HEIGHT="73">
            <Shape><Polygon POINTS="377 962 376 973 458 975 467 984 467 986 469 986 471 986 473 986 610 977 621 986 621 988 623 988 625 988 627 988 1089 979 1091 968 1091 927 1062 918 1060 918 1058 918 1056 918 1054 918 1054 920 1047 927 1040 933 1023 927 996 918 994 918 992 918 990 918 966 927 948 935 933 927 915 918 913 918 911 918 909 918 908 918 893 927 891 929 891 927 880 918 878 918 876 918 812 916 810 916 809 916 807 916 807 918 798 926 735 916 733 916 731 916 709 929 700 933 693 929 680 922 678 922 676 922 638 929 614 933 566 933 565 929 550 916 550 915 548 915 546 915 544 915 543 915 541 915 517 929 484 915 482 915 480 915 478 915 476 915 458 929 454 931 377 931 377 962"/></Shape>
	    <String CONTENT="— Qui c’est, Bibi Fricotin?"
                    HPOS="376"
                    VPOS="915"
                    WIDTH="715"
                    HEIGHT="73"
                    WC="0.9869735483770017"></String>
          </TextLine>

          
          
          <TextLine ID="line_9"
                    TAGREFS="LT4328"
                    BASELINE="376 1045 1284 1050" 
                    HPOS="374"
                    VPOS="1001"
                    WIDTH="910"
                    HEIGHT="69">
            <Shape><Polygon POINTS="376 1045 374 1058 687 1070 689 1070 1282 1063 1284 1050 1282 1019 1153 1004 1152 1004 1014 1017 997 1017 996 1017 966 1003 964 1003 963 1003 961 1003 959 1003 942 1015 911 1003 909 1003 908 1003 906 1003 873 1015 845 1006 843 1006 842 1006 783 1015 779 1015 766 1004 766 1003 765 1003 763 1003 761 1003 759 1003 720 1015 671 1015 601 1015 599 1014 539 1001 537 1001 376 1012 376 1045"/></Shape>
	    <String CONTENT="— Allez, marchons, je te raconterai."
                    HPOS="374"
                    VPOS="1001"
                    WIDTH="910"
                    HEIGHT="69"
                    WC="0.9952973971764246"></String>
          </TextLine>

          
          
          <TextLine ID="line_10"
                    TAGREFS="LT4328"
                    BASELINE="376 1127 1247 1124" 
                    HPOS="374"
                    VPOS="1080"
                    WIDTH="873"
                    HEIGHT="68">
            <Shape><Polygon POINTS="376 1127 376 1138 669 1148 671 1148 673 1148 693 1138 702 1148 704 1148 706 1148 708 1148 709 1148 731 1138 798 1148 799 1148 801 1148 803 1148 803 1146 812 1138 825 1146 827 1146 829 1146 831 1146 897 1137 898 1137 919 1146 920 1146 922 1146 970 1137 985 1146 986 1146 988 1146 990 1146 1054 1137 1067 1146 1069 1146 1071 1146 1073 1146 1137 1137 1196 1146 1197 1146 1199 1146 1201 1146 1214 1137 1227 1146 1229 1146 1230 1146 1232 1146 1234 1146 1236 1146 1247 1135 1247 1124 1240 1081 1205 1092 1091 1092 1065 1083 1049 1080 1047 1080 1045 1080 1043 1080 1042 1080 1036 1085 1025 1092 900 1092 893 1087 886 1080 884 1080 882 1080 880 1080 829 1087 805 1091 787 1089 737 1081 735 1081 733 1081 731 1081 731 1083 724 1089 724 1091 722 1089 702 1081 700 1081 698 1081 697 1081 695 1081 695 1083 687 1091 684 1094 651 1094 645 1091 620 1081 618 1081 616 1081 614 1081 612 1081 598 1091 596 1092 592 1092 561 1081 559 1081 557 1081 555 1081 521 1091 458 1081 456 1081 454 1081 453 1081 453 1083 442 1094 374 1094 376 1127"/></Shape>
	    <String CONTENT="— La barbe! Où est-ce qu’on va?"
                    HPOS="374"
                    VPOS="1080"
                    WIDTH="873"
                    HEIGHT="68"
                    WC="0.9976801220327616"></String>
          </TextLine>

          
          
          <TextLine ID="line_11"
                    TAGREFS="LT4328"
                    BASELINE="372 1210 2230 1206" 
                    HPOS="370"
                    VPOS="1157"
                    WIDTH="1860"
                    HEIGHT="68">
            <Shape><Polygon POINTS="372 1210 372 1225 2228 1221 2230 1206 2227 1170 2107 1170 2107 1168 2080 1157 2078 1157 2076 1157 2074 1157 2049 1168 2012 1157 2010 1157 2008 1157 2006 1157 1981 1168 1981 1170 1885 1170 1884 1168 1865 1157 1863 1157 1862 1157 1803 1157 1801 1157 1799 1157 1797 1157 1779 1168 1746 1157 1744 1157 1742 1157 1691 1168 1689 1168 1651 1157 1649 1157 1647 1157 1372 1168 1353 1168 1352 1168 1319 1157 1317 1157 1315 1157 1313 1157 1311 1157 1297 1168 1291 1171 1034 1171 1029 1168 1008 1159 1007 1159 1005 1159 1003 1159 974 1168 964 1171 897 1171 889 1168 873 1159 871 1159 869 1159 829 1168 814 1170 772 1168 645 1159 565 1159 563 1159 561 1159 543 1168 537 1170 526 1168 495 1159 493 1159 491 1159 370 1166 372 1210"/></Shape>
	    <String CONTENT="Bibi prit Peter par la main et poussa devant lui Julie. Ils filèrent droit vers"
                    HPOS="370"
                    VPOS="1157"
                    WIDTH="1860"
                    HEIGHT="68"
                    WC="0.9953831061720848"></String>
          </TextLine>

          
          
          <TextLine ID="line_12"
                    TAGREFS="LT4328"
                    BASELINE="311 1281 2230 1278" 
                    HPOS="310"
                    VPOS="1234"
                    WIDTH="1920"
                    HEIGHT="62">
            <Shape><Polygon POINTS="311 1281 311 1296 2228 1292 2230 1278 2225 1234 310 1236 311 1281"/></Shape>
	    <String CONTENT="la sortie Vavin. À l’instant où ils franchissaient les grilles, une Renault 16"
                    HPOS="310"
                    VPOS="1234"
                    WIDTH="1920"
                    HEIGHT="62"></String>
          </TextLine>

          
          
          <TextLine ID="line_13"
                    TAGREFS="LT4328"
                    BASELINE="311 1353 2230 1353" 
                    HPOS="311"
                    VPOS="1307"
                    WIDTH="1919"
                    HEIGHT="61">
            <Shape><Polygon POINTS="311 1353 311 1368 2230 1368 2230 1353 2230 1316 2203 1307 2201 1307 2199 1307 2153 1316 1891 1307 1889 1307 1816 1316 1803 1316 1786 1316 1698 1307 1696 1307 1636 1314 1618 1316 1592 1314 1509 1307 1507 1307 1462 1314 1441 1318 1284 1318 1276 1313 1267 1307 1265 1307 1263 1307 1262 1307 1203 1313 1159 1316 311 1309 311 1353"/></Shape>
	    <String CONTENT="bleue se rangea contre le trottoir. Bibi ouvrit la portière arrière et entra le"
                    HPOS="311"
                    VPOS="1307"
                    WIDTH="1919"
                    HEIGHT="61"
                    WC="0.9920641897637167"></String>
          </TextLine>

          
          
          <TextLine ID="line_14"
                    TAGREFS="LT4328"
                    BASELINE="310 1428 2230 1423" 
                    HPOS="308"
                    VPOS="1375"
                    WIDTH="1922"
                    HEIGHT="73">
            <Shape><Polygon POINTS="310 1428 310 1448 2228 1437 2230 1423 2225 1386 2080 1386 2076 1386 2051 1375 2049 1375 2047 1375 2045 1375 2025 1386 2021 1388 1869 1388 1867 1386 1832 1375 1830 1375 1829 1375 1764 1386 1762 1386 1761 1386 1718 1375 1717 1375 1715 1375 1713 1375 1667 1386 1616 1375 1614 1375 1612 1375 1568 1388 1563 1388 1518 1388 1207 1377 1205 1377 1203 1377 1175 1388 1174 1388 1172 1388 1111 1377 1109 1377 990 1388 950 1377 948 1377 946 1377 944 1377 906 1388 873 1379 871 1379 869 1379 711 1388 662 1379 660 1379 658 1379 634 1388 607 1379 605 1379 603 1379 543 1390 539 1391 308 1391 310 1428"/></Shape>
	    <String CONTENT="premier, entraînant Peter à sa suite. Julie hésita une fraction de seconde, puis"
                    HPOS="308"
                    VPOS="1375"
                    WIDTH="1922"
                    HEIGHT="73"
                    WC="0.9896440326449383"></String>
          </TextLine>

          
          
          <TextLine ID="line_15"
                    TAGREFS="LT4328"
                    BASELINE="310 1498 2228 1494" 
                    HPOS="308"
                    VPOS="1450"
                    WIDTH="1920"
                    HEIGHT="66">
            <Shape><Polygon POINTS="310 1498 310 1511 2225 1516 2228 1494 2225 1463 2124 1450 2122 1450 1867 1461 1825 1450 1823 1450 1821 1450 1819 1450 1773 1461 1630 1450 1629 1450 1458 1461 1385 1450 1383 1450 1330 1461 1306 1450 1304 1450 1302 1450 1177 1465 1082 1465 1062 1452 1060 1452 1058 1452 1056 1452 829 1463 805 1452 803 1452 662 1452 660 1452 594 1463 532 1452 530 1452 416 1463 339 1452 337 1452 335 1452 308 1463 310 1498"/></Shape>
	    <String CONTENT="elle sentit qu’on la poussait en avant, elle se retrouva dans la voiture,"
                    HPOS="308"
                    VPOS="1450"
                    WIDTH="1920"
                    HEIGHT="66"
                    WC="0.9940878699903619"></String>
          </TextLine>

          
          
          <TextLine ID="line_16"
                    TAGREFS="LT4328"
                    BASELINE="310 1566 2232 1569" 
                    HPOS="310"
                    VPOS="1518"
                    WIDTH="1922"
                    HEIGHT="66">
            <Shape><Polygon POINTS="310 1566 310 1584 2230 1582 2232 1569 2230 1523 1979 1531 1950 1523 1933 1520 1931 1520 1929 1520 1900 1523 1851 1533 1834 1525 1825 1520 1823 1520 1656 1520 1654 1520 1652 1520 1641 1525 1627 1534 1583 1534 1533 1525 1489 1520 1487 1520 1485 1520 1465 1525 1445 1534 1363 1534 1350 1527 1337 1520 1335 1520 1333 1520 1227 1527 1172 1531 1161 1527 1130 1518 1128 1518 1126 1518 1124 1518 1106 1527 1100 1531 1089 1527 1067 1522 1065 1522 1064 1522 1021 1529 1005 1531 992 1529 948 1518 946 1518 827 1529 803 1531 799 1529 779 1518 777 1518 776 1518 774 1518 748 1529 713 1518 711 1518 709 1518 708 1518 684 1531 680 1533 546 1533 543 1531 498 1518 497 1518 495 1518 493 1518 447 1529 410 1518 409 1518 407 1518 405 1518 381 1531 379 1533 310 1533 310 1566"/></Shape>
	    <String CONTENT="quelqu’un entrait à sa suite et claquait la portière, c’était le colosse blond"
                    HPOS="310"
                    VPOS="1518"
                    WIDTH="1922"
                    HEIGHT="66"
                    WC="0.98996803642791"></String>
          </TextLine>

          
          
          <TextLine ID="line_17"
                    TAGREFS="LT4328"
                    BASELINE="311 1643 1238 1639" 
                    HPOS="310"
                    VPOS="1593"
                    WIDTH="928"
                    HEIGHT="63">
            <Shape><Polygon POINTS="311 1643 311 1656 1236 1652 1238 1639 1234 1604 772 1593 770 1593 768 1593 741 1604 522 1595 521 1595 519 1595 495 1606 310 1606 311 1643"/></Shape>
	    <String CONTENT="qui avait livré le téléviseur, le matin."
                    HPOS="310"
                    VPOS="1593"
                    WIDTH="928"
                    HEIGHT="63"
                    WC="0.9992588716883992"></String>
          </TextLine>

          
          
          <TextLine ID="line_18"
                    TAGREFS="LT4328"
                    BASELINE="377 1712 1208 1720" 
                    HPOS="376"
                    VPOS="1665"
                    WIDTH="832"
                    HEIGHT="73">
            <Shape><Polygon POINTS="377 1712 376 1722 585 1736 587 1736 588 1736 590 1736 603 1727 798 1738 799 1738 801 1738 836 1729 854 1738 856 1738 858 1738 1207 1729 1208 1720 1208 1690 1157 1670 1155 1670 1153 1670 1102 1679 1071 1670 1069 1670 1067 1670 1065 1670 1064 1670 1064 1672 1049 1687 1020 1670 1018 1670 1016 1670 955 1679 911 1668 909 1668 908 1668 906 1668 904 1668 880 1685 854 1668 853 1668 851 1668 849 1668 847 1668 845 1668 845 1670 829 1687 827 1689 794 1689 774 1687 717 1681 704 1668 704 1667 702 1667 700 1667 698 1667 594 1685 585 1685 563 1683 522 1681 508 1667 508 1665 506 1665 504 1665 502 1665 464 1667 462 1667 460 1667 460 1668 443 1683 377 1683 377 1712"/></Shape>
	    <String CONTENT="— Vous... Vous... balbutia Julie."
                    HPOS="376"
                    VPOS="1665"
                    WIDTH="832"
                    HEIGHT="73"
                    WC="0.9981108380086494"></String>
          </TextLine>

          
          
          <TextLine ID="line_19"
                    TAGREFS="LT4328"
                    BASELINE="374 1802 2234 1797" 
                    HPOS="372"
                    VPOS="1747"
                    WIDTH="1862"
                    HEIGHT="66">
            <Shape><Polygon POINTS="374 1802 374 1813 2234 1811 2234 1797 2230 1760 2091 1760 2089 1758 2071 1747 2069 1747 2067 1747 2065 1747 2063 1747 2038 1758 2003 1747 2001 1747 1999 1747 1997 1747 1975 1758 1973 1760 1880 1760 1880 1758 1854 1747 1852 1747 1851 1747 1849 1747 1818 1758 1818 1760 1759 1760 1757 1758 1739 1747 1737 1747 1735 1747 1733 1747 1669 1758 1665 1758 1662 1758 1561 1749 1559 1749 1557 1749 1555 1749 1541 1758 1537 1762 1454 1762 1449 1758 1430 1749 1429 1749 1427 1749 1425 1749 1396 1758 1388 1762 1319 1762 1313 1758 1298 1749 1297 1749 1295 1749 1293 1749 1291 1749 1256 1758 1247 1760 1212 1758 1131 1753 1130 1753 1043 1758 975 1762 966 1758 950 1751 948 1751 946 1751 944 1751 924 1758 909 1762 880 1758 832 1751 755 1751 753 1751 752 1751 737 1758 726 1762 697 1758 653 1751 651 1751 372 1756 374 1802"/></Shape>
	    <String CONTENT="Elle était à moitié assise par terre. Le colosse blond la prit par le bras et"
                    HPOS="372"
                    VPOS="1747"
                    WIDTH="1862"
                    HEIGHT="66"
                    WC="0.9911324366927147"></String>
          </TextLine>

          
          
          <TextLine ID="line_20"
                    TAGREFS="LT4328"
                    BASELINE="311 1872 2232 1868" 
                    HPOS="310"
                    VPOS="1824"
                    WIDTH="1922"
                    HEIGHT="63">
            <Shape><Polygon POINTS="311 1872 311 1887 2230 1885 2232 1868 2228 1835 2184 1824 2183 1824 2140 1833 2104 1824 2102 1824 2100 1824 2043 1833 2041 1833 1990 1824 1988 1824 1986 1824 1951 1833 1950 1835 1462 1835 1458 1832 1438 1824 1436 1824 1434 1824 1394 1832 1383 1833 1342 1832 1227 1826 1225 1826 1223 1826 1221 1826 1214 1832 1205 1835 310 1830 311 1872"/></Shape>
	    <String CONTENT="la hissa sur le siège. Ses gros yeux bleus n’avaient presque pas de cils. La"
                    HPOS="310"
                    VPOS="1824"
                    WIDTH="1922"
                    HEIGHT="63"
                    WC="0.9981398489568141"></String>
          </TextLine>

          
          
          <TextLine ID="line_21"
                    TAGREFS="LT4328"
                    BASELINE="310 1943 2230 1940" 
                    HPOS="308"
                    VPOS="1894"
                    WIDTH="1922"
                    HEIGHT="73">
            <Shape><Polygon POINTS="310 1943 310 1958 898 1967 900 1967 1058 1958 1076 1958 2228 1958 2230 1940 2227 1907 2153 1894 2151 1894 2150 1894 2113 1905 2113 1907 1887 1907 1885 1905 1867 1894 1865 1894 1863 1894 1862 1894 1860 1894 1830 1905 1829 1907 1539 1907 1533 1903 1502 1894 1500 1894 1498 1894 1496 1894 1465 1903 1460 1905 1440 1903 1331 1894 1330 1894 1280 1903 1258 1909 1190 1909 1181 1903 1166 1896 1164 1896 1087 1896 1086 1896 1084 1896 1082 1896 1071 1903 1064 1907 1040 1903 1001 1896 999 1896 959 1903 930 1909 840 1909 829 1901 820 1896 818 1896 816 1896 814 1896 812 1896 794 1901 776 1907 730 1901 678 1896 676 1896 609 1901 541 1907 528 1901 517 1896 515 1896 513 1896 308 1899 310 1943"/></Shape>
	    <String CONTENT="R 16 filait le long des jardins. Elle vira à gauche, emprunta plusieurs petites"
                    HPOS="308"
                    VPOS="1894"
                    WIDTH="1922"
                    HEIGHT="73"
                    WC="0.9987402647733689"></String>
          </TextLine>

          
          
          <TextLine ID="line_22"
                    TAGREFS="LT4328"
                    BASELINE="310 2015 2230 2015" 
                    HPOS="310"
                    VPOS="1969"
                    WIDTH="1920"
                    HEIGHT="62">
            <Shape><Polygon POINTS="310 2015 310 2031 2230 2031 2230 2015 2230 1980 2142 1969 2140 1969 2089 1978 1704 1969 1702 1969 1700 1969 1667 1978 1596 1969 1594 1969 1592 1969 1590 1969 1574 1980 1441 1980 1397 1969 1396 1969 1251 1978 1192 1969 1190 1969 1100 1978 997 1969 996 1969 920 1978 853 1969 851 1969 801 1978 763 1969 761 1969 759 1969 757 1969 737 1980 310 1980 310 2015"/></Shape>
	    <String CONTENT="rues, se retrouva boulevard Raspail et roula vers Denfert-Rochereau. Sous"
                    HPOS="310"
                    VPOS="1969"
                    WIDTH="1920"
                    HEIGHT="62"
                    WC="0.9963866807010076"></String>
          </TextLine>

          
          
          <TextLine ID="line_23"
                    TAGREFS="LT4328"
                    BASELINE="311 2088 2230 2088" 
                    HPOS="311"
                    VPOS="2039"
                    WIDTH="1919"
                    HEIGHT="64">
            <Shape><Polygon POINTS="311 2088 311 2103 2230 2103 2230 2088 2230 2050 2195 2039 2194 2039 2192 2039 2122 2050 2051 2039 2049 2039 1970 2050 1966 2052 1680 2052 1674 2050 1645 2039 1643 2039 1641 2039 1597 2048 1590 2050 1583 2048 1544 2039 1542 2039 1541 2039 1473 2048 1454 2052 1293 2052 1287 2048 1269 2039 1267 2039 1183 2039 1181 2039 1179 2039 1177 2039 1164 2046 1159 2050 1152 2046 1131 2039 1130 2039 1128 2039 1126 2039 1102 2046 1089 2052 891 2052 882 2046 871 2039 869 2039 867 2039 865 2039 864 2039 842 2046 827 2052 618 2052 607 2044 594 2039 592 2039 590 2039 588 2039 570 2044 554 2050 539 2044 526 2039 524 2039 522 2039 521 2039 504 2044 484 2050 458 2044 434 2039 432 2039 311 2042 311 2088"/></Shape>
	    <String CONTENT="l’effet de la terreur, le ventre de Julie gargouilla. Des crampes plièrent la"
                    HPOS="311"
                    VPOS="2039"
                    WIDTH="1919"
                    HEIGHT="64"
                    WC="0.9960705668498309"></String>
          </TextLine>

          
          
          <TextLine ID="line_24"
                    TAGREFS="LT4328"
                    BASELINE="310 2162 2100 2158" 
                    HPOS="308"
                    VPOS="2110"
                    WIDTH="1792"
                    HEIGHT="72">
            <Shape><Polygon POINTS="310 2162 310 2182 2098 2173 2100 2158 2096 2123 1801 2123 1777 2110 1775 2110 1773 2110 1772 2110 1737 2121 1625 2110 1623 2110 1561 2119 1495 2110 1493 2110 1491 2110 1473 2119 1436 2110 1434 2110 1432 2110 1430 2110 1388 2121 1309 2110 1308 2110 1306 2110 1269 2121 1166 2112 1164 2112 1091 2123 1045 2112 1043 2112 1042 2112 957 2123 941 2112 939 2112 937 2112 858 2112 856 2112 854 2112 832 2123 728 2112 726 2112 724 2112 722 2112 702 2125 629 2125 471 2112 469 2112 467 2112 465 2112 447 2125 308 2125 310 2162"/></Shape>
	    <String CONTENT="jeune femme en deux. Bibi et le colosse blond allumèrent des cigarettes."
                    HPOS="308"
                    VPOS="2110"
                    WIDTH="1792"
                    HEIGHT="72"
                    WC="0.9955223643616454"></String>
          </TextLine>

          
          
          <TextLine ID="line_25"
                    TAGREFS="LT4328"
                    BASELINE="379 2233 1654 2237" 
                    HPOS="377"
                    VPOS="2187"
                    WIDTH="1277"
                    HEIGHT="70">
            <Shape><Polygon POINTS="379 2233 377 2246 465 2257 467 2257 1652 2250 1654 2237 1654 2204 1607 2189 1605 2189 1515 2189 1513 2189 1511 2189 1509 2189 1509 2191 1496 2202 1471 2189 1469 2189 1467 2189 1405 2198 1353 2189 1352 2189 1350 2189 1348 2189 1330 2202 1315 2189 1313 2189 1311 2189 1309 2189 1308 2189 1280 2202 1278 2202 1249 2189 1247 2189 1245 2189 1040 2200 1007 2187 1005 2187 950 2187 948 2187 946 2187 922 2200 920 2200 908 2200 761 2200 733 2187 731 2187 730 2187 671 2200 667 2200 559 2200 513 2200 498 2187 497 2187 495 2187 493 2187 491 2187 453 2200 447 2200 379 2200 379 2233"/></Shape>
	    <String CONTENT="— Donnez-m’en une, s’il vous plaît, balbutia Julie."
                    HPOS="377"
                    VPOS="2187"
                    WIDTH="1277"
                    HEIGHT="70"
                    WC="0.9979716333059164"></String>
          </TextLine>

          
          
          <TextLine ID="line_26"
                    TAGREFS="LT4328"
                    BASELINE="376 2316 2230 2319" 
                    HPOS="374"
                    VPOS="2268"
                    WIDTH="1856"
                    HEIGHT="73">
            <Shape><Polygon POINTS="376 2316 374 2330 1414 2341 1416 2341 2228 2332 2230 2319 2230 2283 2203 2270 2201 2270 2199 2270 2197 2270 2157 2281 2078 2270 2076 2270 2012 2281 2010 2281 1948 2270 1946 2270 1876 2281 1871 2281 1865 2281 1808 2270 1807 2270 1740 2279 1729 2283 1618 2283 1612 2279 1592 2270 1590 2270 1588 2270 1586 2270 1550 2279 1539 2281 1319 2281 1315 2277 1302 2268 1300 2268 1298 2268 1297 2268 1188 2277 1175 2277 1170 2277 1137 2268 1135 2268 1133 2268 1131 2268 1113 2277 1106 2279 1076 2277 999 2268 997 2268 948 2275 922 2279 891 2275 834 2268 832 2268 801 2275 781 2279 376 2274 376 2316"/></Shape>
	    <String CONTENT="Bibi lui passa celle qu’il venait d’allumer, une Craven filtre. Une odeur de"
                    HPOS="374"
                    VPOS="2268"
                    WIDTH="1856"
                    HEIGHT="73"
                    WC="0.9890568538715965"></String>
          </TextLine>

          
          
          <TextLine ID="line_27"
                    TAGREFS="LT4328"
                    BASELINE="310 2391 1895 2387" 
                    HPOS="308"
                    VPOS="2343"
                    WIDTH="1587"
                    HEIGHT="63">
            <Shape><Polygon POINTS="310 2391 310 2406 1893 2404 1895 2387 1891 2354 1530 2354 1495 2343 1493 2343 1491 2343 1447 2352 1366 2343 1364 2343 1275 2352 1223 2343 1221 2343 1150 2352 1102 2343 1100 2343 1098 2343 1069 2354 491 2345 489 2345 308 2356 310 2391"/></Shape>
	    <String CONTENT="caramel envahissait la voiture. Le colosse blond ouvrit sa vitre."
                    HPOS="308"
                    VPOS="2343"
                    WIDTH="1587"
                    HEIGHT="63"
                    WC="0.9990271724187411"></String>
          </TextLine>

          
          
          <TextLine ID="line_28"
                    TAGREFS="LT4328"
                    BASELINE="372 2470 1592 2470" 
                    HPOS="372"
                    VPOS="2422"
                    WIDTH="1220"
                    HEIGHT="61">
            <Shape><Polygon POINTS="372 2470 372 2483 1592 2483 1592 2470 1592 2437 1436 2435 1407 2422 1405 2422 1403 2422 1339 2437 1144 2437 1073 2422 1071 2422 966 2431 939 2422 937 2422 935 2422 933 2422 891 2435 849 2422 847 2422 845 2422 843 2422 842 2422 842 2424 829 2435 799 2422 798 2422 796 2422 794 2422 792 2422 779 2431 711 2422 709 2422 708 2422 706 2422 706 2424 691 2437 620 2437 460 2422 458 2422 456 2422 454 2422 454 2424 440 2437 372 2437 372 2470"/></Shape>
	    <String CONTENT="— Ferme ça! jeta le chauffeur sans se retourner."
                    HPOS="372"
                    VPOS="2422"
                    WIDTH="1220"
                    HEIGHT="61"
                    WC="0.9854430872566846"></String>
          </TextLine>

          
          
          <TextLine ID="line_29"
                    TAGREFS="LT4328"
                    BASELINE="372 2552 2234 2549" 
                    HPOS="370"
                    VPOS="2501"
                    WIDTH="1864"
                    HEIGHT="64">
            <Shape><Polygon POINTS="372 2552 372 2565 2232 2565 2234 2549 2228 2512 2151 2514 2144 2510 2122 2501 2120 2501 2118 2501 2117 2501 2084 2510 2071 2516 1814 2516 1807 2510 1792 2501 1790 2501 1788 2501 1786 2501 1785 2501 1757 2510 1746 2516 1640 2516 1630 2510 1612 2501 1610 2501 1608 2501 1507 2510 1463 2516 1357 2516 1348 2510 1330 2501 1328 2501 1326 2501 1236 2503 1234 2503 1232 2503 1221 2510 1212 2516 1177 2510 1130 2503 1128 2503 1065 2510 1045 2512 1031 2510 990 2503 988 2503 986 2503 974 2510 963 2516 935 2510 900 2503 898 2503 865 2510 838 2516 827 2510 814 2503 812 2503 717 2503 715 2503 713 2503 700 2510 689 2516 629 2510 561 2503 559 2503 515 2510 475 2516 443 2510 412 2503 410 2503 370 2508 372 2552"/></Shape>
	    <String CONTENT="Le colosse obéit. Du chauffeur, Julie ne voyait que la nuque rasée et"
                    HPOS="370"
                    VPOS="2501"
                    WIDTH="1864"
                    HEIGHT="64"
                    WC="0.9906004600121942"></String>
          </TextLine>

          
          
          <TextLine ID="line_30"
                    TAGREFS="LT4328"
                    BASELINE="311 2618 1614 2622" 
                    HPOS="310"
                    VPOS="2578"
                    WIDTH="1304"
                    HEIGHT="68">
            <Shape><Polygon POINTS="311 2618 310 2633 392 2644 394 2644 1155 2637 1179 2646 1181 2646 1183 2646 1612 2635 1614 2622 1612 2589 1541 2578 1539 2578 311 2583 311 2618"/></Shape>
	    <String CONTENT="rougeaude, sous un chapeau vert vaguement tyrolien."
                    HPOS="310"
                    VPOS="2578"
                    WIDTH="1304"
                    HEIGHT="68"
                    WC="0.9900531312998604"></String>
          </TextLine>

          
          
          <TextLine ID="line_31"
                    TAGREFS="LT4328"
                    BASELINE="374 2695 2230 2699" 
                    HPOS="372"
                    VPOS="2651"
                    WIDTH="1858"
                    HEIGHT="72">
            <Shape><Polygon POINTS="374 2695 372 2710 493 2721 495 2721 1286 2714 1342 2723 1344 2723 2228 2714 2230 2699 2230 2666 2206 2653 2205 2653 2203 2653 2201 2653 2153 2664 2010 2653 2008 2653 2006 2653 2005 2653 1984 2666 1871 2666 1807 2666 1807 2664 1788 2653 1786 2653 1785 2653 1783 2653 1722 2664 1720 2664 1656 2653 1654 2653 1652 2653 1619 2664 1597 2653 1596 2653 1528 2653 1526 2653 1524 2653 1522 2653 1504 2664 1502 2666 1341 2666 1337 2664 1302 2651 1300 2651 1221 2651 1219 2651 1218 2651 1216 2651 1196 2662 964 2662 941 2651 939 2651 937 2651 935 2651 893 2662 891 2664 546 2664 544 2662 521 2651 519 2651 517 2651 374 2660 374 2695"/></Shape>
	    <String CONTENT="— Vous ne vous en tirerez pas, dit la jeune fille. Il est encore temps de"
                    HPOS="372"
                    VPOS="2651"
                    WIDTH="1858"
                    HEIGHT="72"
                    WC="0.9951594782202211"></String>
          </TextLine>

          
          
          <TextLine ID="line_32"
                    TAGREFS="LT4328"
                    BASELINE="310 2772 667 2772" 
                    HPOS="310"
                    VPOS="2726"
                    WIDTH="357"
                    HEIGHT="61">
            <Shape><Polygon POINTS="310 2772 310 2787 667 2787 667 2772 667 2739 462 2726 460 2726 458 2726 456 2726 456 2728 445 2739 310 2739 310 2772"/></Shape>
	    <String CONTENT="nous déposer."
                    HPOS="310"
                    VPOS="2726"
                    WIDTH="357"
                    HEIGHT="61"
                    WC="0.9991359838417598"></String>
          </TextLine>

          
          
          <TextLine ID="line_33"
                    TAGREFS="LT4328"
                    BASELINE="379 2851 742 2853" 
                    HPOS="377"
                    VPOS="2804"
                    WIDTH="365"
                    HEIGHT="73">
            <Shape><Polygon POINTS="379 2851 377 2860 533 2877 535 2877 691 2873 693 2873 695 2873 704 2864 724 2873 726 2873 728 2873 730 2873 731 2873 741 2862 742 2853 742 2813 720 2804 719 2804 717 2804 715 2804 713 2804 713 2805 704 2813 698 2818 684 2813 654 2804 653 2804 651 2804 649 2804 647 2804 636 2815 634 2816 526 2820 521 2816 504 2804 502 2804 500 2804 464 2804 462 2804 460 2804 458 2804 458 2805 445 2818 442 2820 379 2820 379 2851"/></Shape>
	    <String CONTENT="— Ta gueule!"
                    HPOS="377"
                    VPOS="2804"
                    WIDTH="365"
                    HEIGHT="73"
                    WC="0.9996160566806793"></String>
          </TextLine>

          
        </TextBlock>
        

        
      </PrintSpace>
    </Page>
  </Layout>
</alto>
