2550 3301
1163 605 220 69 TREIZE

374 869 1858 64 Pendant le dîner, les gangsters écoutèrent Europe-Soir. Toujours pas de

302 932 1931 80 nouvelles. Après le repas, Nénesse partit dans la R 16, avec la lettre. On

306 1014 1924 62 ordonna à Julie et Peter de se coucher. Thompson s’allongea en même temps

308 1083 1922 66 qu’eux, à l’autre bout de la pièce, sans se déshabiller. La nuit achevait de

311 1159 1567 64 tomber. Bibi éteignit la lanterne à butane accrochée au plafond.

381 1236 794 71 — Je prends la première garde.

374 1318 1036 70 Le colosse blond grogna son assentiment.

374 1399 1315 68 — Je sors avec toi. Je vais fumer une clope ou deux.

374 1476 1858 64 — Ne te couche pas tard, Coco, fit la voix de Thompson. Il faudra te lever

308 1549 871 68 à une heure pour la seconde garde.

370 1628 1860 64 Le colosse grogna de nouveau et sortit derrière Bibi. Par les fenêtres sans

311 1701 1917 70 volets, Julie les vit circuler. Leurs silhouettes se penchèrent l’une vers

313 1775 1407 62 l’autre. La flamme d’une allumette brilla, puis s’éteignit.

370 1850 1860 64 La jeune fille essaya de se détendre. Elle était pleine de vin, mais nouée.

310 1921 1922 68 Le manque de tranquillisants se faisait sentir. Elle étendit les bras le long du

310 2002 572 57 corps, paumes en haut.

374 2074 1489 66 — Julie! souffla Peter sur la couchette inférieure. Tu dors?

376 2156 218 66 — Non.

372 2235 440 72 — Moi non plus.

377 2312 1505 73 — Essaie. Pense à quelque chose de joli. Pense à des fleurs.

376 2400 467 68 — Je ne peux pas.

377 2481 1086 64 — Silence, s’il vous plaît! cria Thompson.

368 2554 1866 62 Julie et Peter se turent. Au bout d’un moment, brisé de fatigue et

308 2624 1926 66 d’émotion, l’enfant s’endormit. Mais pas Julie. Elle était bien éveillée quand

308 2697 1922 66 le colosse blond rentra dans le chalet, éteignit sa cigarette contre sa semelle

308 2771 1928 62 et alla se coucher à tâtons au-dessous de Thompson. Et elle ne dormait

308 2842 1922 70 toujours pas lorsque des phares illuminèrent brièvement la vallée,

310 2914 1922 66 silhouettant les troncs des pins, puis s’éteignant. Éclairée par ses seuls feux
