2550 3301
377 295 1446 71 — Excusez-moi, dit-elle. Je suis allergique au mot police.

372 377 1046 70 — Comment ça se fait? Un traumatisme?

376 460 1852 68 — Je ne sais pas. Quand j’avais six ans, la fermière chez qui j’étais

308 528 1922 73 placée m’a fait enfermer une heure au commissariat du chef-lieu, pour

308 601 1924 68 m’inspirer une crainte salutaire de l’autorité. C’est la seule chose que j’ai en

310 674 1614 65 commun avec Alfred Hitchcock. J’ai eu des convulsions, ensuite.

374 755 1007 70 — Je sais, oui, j’ai étudié votre dossier.

374 830 301 64 Un silence.

372 913 1858 64 — Oui, bon, dit Hartog. Pour en revenir à Fuentès, j’hésite à prendre des

310 999 1918 51 mesures. Après tout, c’est un ami de jeunesse. Du temps de la vache enragée.

310 1058 1034 62 Cela crée des liens. Même, il me fascine.

372 1138 657 61 L'homme eut un petit rire.

372 1214 1862 73 — C’est humain, non? fit Julie. Il est ce que vous avez failli être. Un

310 1289 383 62 architecte raté.

372 1368 1860 64 L'épaule gauche de Hartog remonta nerveusement. Le rousseau ricana de

310 1456 238 47 nouveau.

372 1518 1858 64 — Ah mais, il n’est plus architecte. Il crache sur l’architecture. Il travaille

310 1595 1473 61 comme contremaître, manœuvre... On ne sait plus où il vit.

376 1670 1311 70 — Tout à l’heure, j’ai cru le voir, en bas dans la rue.

376 1747 664 74 — C’est possible. Il rôde.

377 1832 481 66 — C’est rassurant.

370 1912 1860 63 Hartog rit d’un autre rire, plus détendu, offrit une Gitane à Julie et la lui

310 1986 1926 60 alluma avec un gros briquet de bureau en jade. Une femme nue en or était

308 2057 1922 61 incrustée dans la pierre et les pointes de ses seins étaient deux rubis

310 2130 820 61 minuscules. Le rousseau se leva.

374 2206 1862 60 — Je vais vous montrer Peter. La cuisinière l’a fait dîner. Vous pouvez

310 2281 561 59 essayer de le coucher.

370 2358 1866 62 Julie posa son verre et le suivit. L’ascenseur les emporta vers le sommet

308 2428 390 69 de l’immeuble.

372 2506 1856 77 — André m’a expliqué que vous n’engagez que des infirmes, dit Julie.

308 2582 820 67 Comme ça, je comprends mieux.

374 2664 1051 72 — Qu’est-ce que vous comprenez mieux?

377 2743 866 70 — Pourquoi vous m’avez engagée.

374 2818 600 72 — Vous, c’est différent.

379 2899 321 71 — En quoi ?
