2550 3301
1126 605 286 66 DIX-HUIT

370 865 1860 68 Après l’orage, le soleil brilla de plus belle entre des bancs de nuages qui

308 944 1924 68 galopaient vers l’est. Les chaussées brillèrent. L’automobiliste rubicond

306 1015 666 59 chantonnait en conduisant.

376 1092 1852 63 — Il dort drôlement, votre gosse, dites-donc, mince! Quel roupillon!

310 1166 669 66 Haha! C’est votre enfant?

376 1245 1801 71 — Non, dit Julie en prenant un accent, c’est le fils cadet de ma patronne.

376 1325 601 70 — Vous êtes française?

376 1404 739 72 — Non, je suis une Anglaise.

374 1485 1854 62 — J’avais deviné à cause de votre teint. Un teint de Iys et de rose, vous

311 1566 323 64 comprenez?

379 1637 769 70 — Qu’est-ce que c’est un lys?

377 1716 1593 70 — C’est une fleur blanche, symbole de la pureté et de la beauté.

387 1791 181 68 — Oh!

376 1876 1858 73 — Un teint de lys et de rose, c’est une expression poétique pour dire un

311 1947 558 64 beau teint d’Anglaise.

381 2024 406 70 — Oh ! Je vois.

374 2108 1477 61 — Les hommes doivent vous faire la cour, en France, non?

374 2185 844 72 — Ils me font en Angleterre déjà.

370 2264 1860 66 Julie s’amusait comme une petite folle avec la syntaxe. Elle imagina des

308 2338 1922 64 hommes qui lui faisaient la cour. Elle leur tirait dedans. Je suis dans une

308 2409 858 74 période d’exaltation, pensa-t-elle.

377 2488 1853 70 — Oui, mais les Français, dit l’automobiliste rubicond, qu’est-ce que

313 2561 1569 63 vous en pensez, des Français, de leur manière de faire la cour?

383 2646 943 58 — Je ne sais pas. Certains sont rudes.

374 2719 998 70 — Rudes? Brutaux, vous voulez dire...

376 2802 1198 62 — Non. Rudes. Ils me disent des cochonneries!

370 2879 804 64 Ce qui fit rêver l’automobiliste.
