2550 3301
1190 608 156 66 HUIT

370 865 1862 68 Après le départ de Hartog, Julie alla chercher le petit déjeuner de Peter à

305 946 1925 63 la cuisine. Elle y trouva le valet Georges qui mangeait une omelette baveuse

310 1014 1922 66 sur un coin de la vaste table. L’homme était en bretelles. Il avait les yeux

310 1085 1216 72 injectés de sang. Il se leva à l’approche de Julie.

420 1164 1810 72 — Mme Boudiou va mieux, signala-t-il la bouche pleine. Je vais vous

310 1237 1076 74 préparer quelque chose pour le sale môme.

372 1316 1024 64 Du jaune d’œuf lui coulait sur le menton.

387 1397 1309 70 — Ne vous dérangez pas, dit Julie. Je me débrouille.

372 1474 1855 66 Elle empilait sur un plateau des paquets de céréales semblables à des

308 1547 1640 70 paquets de lessive. Elle entendait le valet mastiquer derrière elle.

376 1630 1786 68 — Pendant que vous y êtes, vous pourriez me déboucher une Guinness?

372 1707 1862 71 Julie obéit en silence, posa la bière et un verre devant Georges. Le valet

311 1784 1525 59 se gavait et semblait s’en trouver mieux. Son teint rougeoyait.

381 1863 1394 69 — C’est vrai ce qu’on dit, que vous étiez chez les fous?

379 1940 356 66 — C’est vrai.

374 2020 460 70 Gêne de Georges.

372 2097 1431 65 — Antérieurement, demanda-t-il, vous étiez domestique?

377 2180 1186 72 — Antérieurement, j’étais délinquante juvénile.

374 2259 638 66 Gêne accrue de Georges.

374 2338 1060 69 — Vous voudrez bien m’excuser, dit Julie.

370 2417 1858 71 Elle quitta l’office avec son plateau, par le monte-charge de service.

306 2488 1926 64 Calée entre son coude et son flanc, elle transportait la photographie de la

310 2563 1381 61 Folie. Elle n’avait pas conscience de l’avoir emportée.

370 2642 1866 64 La jeune fille entra dans la chambre de Peter. Le garçonnet était éveillé et

306 2719 1924 70 jouait sur la moquette avec des voitures miniatures. Il consulta sa montre

310 2789 282 70 électrique.

379 2866 472 68 — Tu es en retard.
