2550 3301
311 293 1917 68 s’ouvrait une salle de conférence. Un public clairsemé était assis sur des

308 375 1926 59 bancs. Les personnes âgées et les enfants étaient la majorité. Un type était en

305 431 1922 80 train de parler sur une estrade, devant une toile de fond peinte en trompe-

310 513 1924 64 l’œil pour représenter un flot de tentures rouge et or. Comme Julie allait

313 586 1196 63 s’asseoir, le type tendit un bras vers la coulisse.

372 667 1255 61 — Paul Zwickau! annonça-t-il d’une voix de tête.

372 748 1858 60 Un homme jeune arriva en courant de la coulisse. Il portait un costume

308 827 1713 53 noir sur une chemise de polo marron. Il avait des lunettes et une raie.

376 898 1860 70 — Aimeriez-vous vivre, cria-t-il, sous un régime qui délivrerait

310 973 1663 61 l’humanité du crime, de la violence, de l’injustice et de la misère?

368 1050 1862 63 L’assistance ne disait pas non. Zwickau se mit à arpenter l’estrade. Il

308 1118 1922 66 rejetait fréquemment la tête en arrière, avec brutalité. On pouvait craindre

310 1195 535 59 qu’il se casse le cou.

372 1272 1858 63 — La loi et l’ordre règnent dans l’Univers! s’exclama-t-il. Quand nous

310 1347 1924 61 regardons la voûte des cieux, cela est manifeste. Même si le sens profond

308 1421 1922 58 des mouvements des corps célestes nous échappe, nous devons respecter les

308 1490 1922 63 affirmations des plus grands savants, des astronomes, des atomistes, qui nous

310 1564 1924 60 disent que de nuit en nuit, de saison en saison, d’année en année, de siècle en

310 1633 1920 63 siècle, les astres poursuivent leur course dans l’espace en évoluant sur leur

308 1703 1920 66 orbite de façon si régulière qu’il est possible de prédire les éclipses des

311 1775 496 62 siècles à l’avance!

372 1854 686 71 L'orateur se racla la gorge.

370 1932 1862 66 — Mes frères, mes sœurs, écoutez! L’ Éternel notre Dieu a établi un ordre

308 2008 1924 71 harmonieux dans l’Univers. Croyez-vous donc qu’il ne soit pas capable de

310 2079 1922 66 faire régner cet ordre et cette harmonie sur notre planète, misérable petit

310 2154 1458 68 paquet de boue tournoyant dans les espaces intersidéraux?

374 2233 1310 59 — J’ai vu son nom! hurla une grosse femme en noir.

372 2312 1178 64 Zwickau ne tint aucun compte de l’interruption.

374 2387 867 74 — Que voyons-nous ? s’écria-t-il.

374 2472 1115 60 — J’ai vu son nom! répéta la grosse femme.

372 2545 1862 71 Un appariteur musclé lui saisit le bras et lui parla à l’oreille. Elle prit

310 2620 618 64 aussitôt un air coupable.

374 2703 1858 60 — Que voyons-nous? insista Zwickau en ricanant. L’homme a-t-il été

306 2772 1926 65 capable de réaliser la loi et l’ordre, la fin de la violence, l’injustice, la

308 2846 1922 64 misère? Non! Voulez-vous savoir ce qui se passe quand une grande ville n’a

310 2914 1918 78 plus de police? C’est arrivé à Montréal le 7 octobre 1969. Les agents
