2550 3300
308 299 1925 75 ce lustre barbare formé d’une succession de cercles de barrique,

310 365 1098 83 chaque cercle garni de sept chandelles.

398 442 1838 83 Le village n’a ni électricité, ni eau courante, ni téléphone. Il ne

308 517 1925 77 ferait pas bon y vivre seul. C’est pourquoi Luce a installé une

308 591 1922 77 multitude de couches, dont certaines sont dans des ruines à ciel

308 668 1925 77 ouvert. Et, chaque été, ses amis savent qu’ils peuvent la rejoindre

313 759 1345 71 pour ce qu’elle nomme ses vacances de barbare.

418 816 566 80 — Combien d’œufs ?

396 888 1840 82 Luce tressaillit. Le buste de Brisorgueil dépassait de l’échelle, à

305 965 1931 82 l’extrémité de la terrasse. Elle pensa que ces jours-ci l’avocat

310 1039 1637 85 devenait d’un laconisme qui frisait la mauvaise éducation.

404 1116 1714 83 — Un seul, cuit des deux côtés, dit-elle en lui tournant le dos.

398 1190 1835 83 Elle alla considérer la toile et les impacts. Elle décida qu’elle

308 1284 1928 63 l’exposerait sous le titre “Festin“. Puis elle descendit prendre son

310 1339 429 93 petit-déjeuner.

396 1416 1834 80 Gros était assis au bout de la table de planches posées sur des

310 1507 1923 68 tréteaux. Brisorgueil faisait frire les œufs. Les autres n’étaient pas

308 1570 291 77 encore là.

440 1650 1149 68 — Le pistolet Dit Gros. Vous l’avez rangé ?

404 1727 1612 68 — J’oublie toujours. Je n’ai aucun respect pour les objets.

390 1795 1846 77 Avec un petit clappement de langue désapprobateur, Gros se leva

308 1870 1925 77 et remonta à l’échelle. Le poids de son énorme corps, saucissonné

310 1941 1926 83 dans des Levi's de toile blanche et une chemise de soie, faisait

310 2015 573 83 fléchir les échelons.

398 2092 1838 83 Luce quitta la cour, s’éloignant des fourneaux, et de Brisorgueil.

310 2169 1923 75 Elle remonta l’unique rue du hameau, laissant derrière elle une

310 2257 1555 66 fontaine tarie qui jouxtait la maconnerie du four banal.

390 2315 1843 83 Au bout de la rue, s’élevait une petite chapelle en partie creusée

308 2395 1928 80 dans la montagne qui surplombait le hameau vers le nord. Au pied

308 2477 1928 66 du clocher à demi ruiné, Luce tourna à droite pour descendre un

308 2552 1925 68 escalier auquel il manquait quelques marches. La dernière maison,

310 2618 1920 79 bâtie sur un solide surplomb rocheux, dominait la vallée. Max s’y

313 2695 1920 79 trouvait, dans une petite chambre blanche. Luce poussa sans

313 2780 1783 69 frapper la porte de planches, et s’immobilisa en hochant la tête.

398 2851 1838 72 L’écrivain était allongé tout habillé sur le lit non défait. Il n’avait

310 2928 1923 72 retiré qu’une chaussure. Son bras gauche pendait lamentablement,
