2550 3301
372 295 1858 66 Elle aurait volontiers pris une mitrailleuse et fait un carnage. Sa cigarette

311 366 531 66 lui brûlait les doigts.

376 449 1854 75 — Réponds-moi, bon sang! râlait Peter. Qu’est-ce qu’on fait? Où est-ce

310 524 271 70 qu’on va?

372 597 1627 66 — On fuit. On va chez Hartog. Dans sa belle maison, à l’horizon.

370 680 1858 66 Julie consulta l’indicateur des chemins de fer, s’aida de ses cartes

308 753 1922 64 routières, finit par voir où elle se trouvait. Une soixantaine de kilomètres à

310 827 1924 62 l’ouest de Lyon. Peut-être soixante autres kilomètres à couvrir jusqu’au

308 896 1926 66 canton d’Olliergues, jusqu’à la belle maison. Un tortillard arrivait. Julie prit

310 970 1922 64 deux billets pour Saint-Etienne. Le train emporta les fuyards. Il faisait chaud.

310 1052 1924 53 Sous son imperméable informe, Julie suait. Peter se taisait, étonnamment

310 1113 1920 66 sage, il posait sur Julie de grands yeux soupçonneux et verts. Julie étudiait à

308 1190 484 58 nouveau les cartes.

374 1265 1858 70 — Nous allons voyager dans la montagne, dit-elle à Peter. Dans la

306 1338 1926 70 montagne, personne ne peut nous rattraper. Nous voyagerons dans la

308 1410 1132 62 montagne et nous atteindrons la belle maison.

374 1485 576 73 — Tu me l’as déjà dit.

372 1564 1856 68 Ils descendirent à Montbrison. Il était une heure et demie de l’après-midi.

308 1637 1926 63 Julie s’en étonna. Il aurait dû être plus tôt. Elle et Peter traversèrent

311 1712 1919 65 l’esplanade brûlante qui est devant la gare et déjeunèrent dans une manière

310 1784 339 60 de brasserie.

374 1863 1234 69 — Quand est-ce qu’on s’en va? demandait Peter.

372 1943 827 68 — Nous ne sommes pas pressés.

376 2024 1429 62 — Si. Nous sommes des bêtes traquées, observa l’enfant.

376 2101 704 70 — Tu voudrais être arrivé?

372 2185 209 65 — Oui.

377 2259 1008 71 — Tu n’es pas content d’être avec moi?

385 2340 158 67 — Si.

372 2418 1064 76 — Tu aimerais que je t’achète des jouets?

374 2501 1266 71 — Je ne sais pas. Si tu veux. Quoi, comme jouets?

374 2582 844 71 — Je ne sais pas. Ce que tu veux.

374 2659 453 75 — Ça m’est égal.

374 2739 1856 63 — Peter, dit Julie, nous pourrions nous arrêter dans les montagnes et vivre

310 2815 1636 62 comme une mère et son fils. Personne ne nous retrouverait jamais.

376 2897 1113 68 — La police retrouve toujours les criminels.
