2550 3301
308 298 1924 63 du pont. La jeune fille se meurtrit en se raccrochant à la surface de la

308 366 1922 77 passerelle. Tout vibrait autour d’elle et dans sa tête. Elle se retrouva à quatre

302 445 1928 69 pattes, rampant au-dessus du bouillonnement, cherchant désespérément Peter

310 515 1920 68 du regard. Elle entendit le garçonnet l’appeler et le vit, déjà sur l’autre rive,

311 590 697 59 qui sautillait impatiemment.

374 663 601 74 — Tu te dépêches, dis?

372 744 1860 64 Le pont bascula et Julie se jeta en avant. Elle se retrouva agenouillée dans

310 823 1922 57 la boue de la rive. Derrière elle, la passerelle se renversait. Une extrémité

308 889 1922 62 heurta le flot. Tout l’assemblage vira, se mit dans le sens du coupant et se

310 962 1920 68 précipita soudain dans l’écume, rebondissant sur les rochers, éclatant, se

311 1034 1828 64 démembrant, disparaissant à une vitesse confondante. L’obscurité l’avala.

376 1113 1854 64 Maculée de boue, Julie gravit la pente. Elle brûlait de fièvre. Elle ne

308 1184 1922 66 savait plus où était Peter. Elle n’était plus soutenue que par une seule idée; à

306 1258 1921 67 cent mètres, cinquante mètres de là, franchi le rebord de la montagne, il n’y

310 1331 1924 64 aurait plus devant elle qu’un vaste tapis d’herbe et de fleurs, où se dressait

311 1401 925 67 la Tour Maure, où Hartog l’attendait.
