2550 3301
308 293 1920 79 pirouetta, l’étalage le plus proche contenait de la vaisselle, la jeune fille

310 370 1818 73 projeta sur le sol une pile d’assiettes incassables qui ne se cassèrent pas.

371 442 1790 77 — Vous êtes folle! s’exclama la vendeuse en faisant un bond en arrière.

376 529 1220 59 — À l’assassin! hurla Julie de toutes ses forces.

372 618 1860 55 Pirouettant de nouveau, elle gifla violemment la vendeuse et se mit à

306 680 1924 66 courir. Elle n’avait pas lâché Peter, qui perdit l’équilibre, tomba en avant, se

308 755 1924 62 retrouva accroché à la main de Julie qui ne le lâchait pas, qui le tirait à toute

311 828 1919 61 vitesse. Les pieds de l’enfant traînaient sur le carrelage. Il criait à pleins

308 896 1926 74 poumons. De l’autre côté du Prisunic, Thompson était entré et se tenait

310 971 1920 63 immobile, son pistolet pendant le long de son bras, le canon dirigé vers le

313 1043 105 64 sol.

377 1116 1664 68 — À l’assassin! répéta Julie, excitant l’incrédulité des ménagères.

372 1204 1856 66 Elle ne cessait pas de courir. Elle zigzaguait entre les rayons. Au passage,

310 1276 1924 60 elle arrachait des objets et les jetait à terre. Un cadre du magasin, portant un

310 1347 1920 61 badge sur sa blouse blanche, se dressa soudain sur le chemin de la jeune

310 1417 1355 64 fille, jambes et bras écartés, comme un gardien de but.

372 1492 1084 72 — Halte-là! fit-il d’une voix bien timbrée.

372 1577 1860 62 Julie lui percuta la figure d’un coup de tête. Le crâne dur de la jeune fille

306 1654 1924 58 heurta le menton de l’homme, lui renversa la tête en arrière et l’envoya

308 1720 1920 64 s’effondrer en arrière sur le carrelage. Julie sauta par-dessus l’homme.

308 1791 1926 64 Celui-ci saisit Peter au passage et le retint. Julie empoigna à l’étalage un

306 1865 1930 67 couteau à découper en acier inoxydable et poignarda l’air au-dessus du chef

308 1934 1920 66 de rayon. L’homme lâcha aussitôt Peter et se mit en boule, protégeant ses

310 2011 1379 70 yeux avec ses coudes et ses génitoires avec ses genoux.

376 2086 1051 66 — Police! cria-t-il d’une voix de fausset.

372 2165 1607 74 — Il serait temps, dit Julie et une balle lui traversa le bras droit.
