2550 3301
1082 605 383 66 VINGT-ET-UN

374 867 1295 66 Ils avaient laissé la Rover au parking d’Orly-Ouest.

379 951 1849 61 — Attendez-moi, dit Thompson aux frères lorsqu’ils furent dans le hall.

310 1021 1306 62 Attendez-moi, je vais voir si je n’ai pas un message.

370 1102 1860 62 Il s’éclipsa un instant et revint, voûté, déchiquetant un papier entre ses

310 1175 1922 62 doigts. Coco et Nénesse contemplaient le hall avec intérêt, s’intéressant aux

308 1245 1920 79 jambes des hôtesses. Ils portaient tous deux des complets bon marché gris

308 1318 1919 68 ardoise sur des chemises à carreaux. Chacun avait une valise de petite taille,

310 1393 1080 59 contenant du linge de rechange et une arme.

376 1468 1467 65 — La fille, dit Thompson, a failli se faire pincer deux fois.

372 1547 800 70 — Un message de votre client?

374 1630 1856 62 Le Britannique hocha la tête. Il avait les yeux horriblement cernés et les

308 1703 1099 63 commissures de ses lèvres étaient blanches.

374 1778 1856 72 — La police l’a manquée de peu dans l’hôtel où elle a passé la nuit. Puis

308 1848 1926 73 il semble qu’elle ait fait du scandale à une réunion évangélique, à cent

308 1921 1922 65 kilomètres de là, en fin de matinée. On la signale également dans d’autres

308 1995 1794 69 régions, à Rouen, dans les Alpes, mais c’est tout bonnement impossible.

377 2077 1853 70 — C’est comme ça avec les bons citoyens, ricana Coco. Ils voient le mal

308 2152 211 67 partout.

374 2226 1121 62 — Votre client, dit Nénesse, il est à la coule.

372 2307 1205 71 — Il se tient informé, soupira Thompson. Venez.

372 2385 1858 65 Les trois hommes gagnèrent à pied l’extrémité de l’aéroport. Quelques

306 2459 1928 60 avions d’affaires et de tourisme stationnaient là, près d’un bâtiment

308 2530 1920 74 provisoire gris. Des hommes jeunes en chemisette jouaient à la pétanque sur

311 2604 784 69 le gazon. Thompson en héla un.

377 2682 1589 70 — Finissez sans moi, les gars, dit l’homme aux autres boulistes.

372 2760 370 69 — Où tu vas?

374 2846 229 68 — Lyon.
