2550 3301
387 297 1840 71 — Pouvons-nous parler tranquillement? demanda Thompson. Pouvons-

308 370 1776 64 nous discuter quelque part, plusieurs heures, sans craindre les curieux?

383 452 1845 68 — Je ne veux pas discuter avec vous plusieurs heures, dit Hartog. Je veux

310 524 1181 61 que vous partiez. Vous deviez les tuer et.., et...

370 601 1071 64 Le rousseau tapa du pied contre les dalles.

418 682 1809 69 — Je vais les tuer, dit Thompson d’une voix très lasse. Je veux les tuer,

308 753 1920 66 même si c’est la dernière chose que je fais. Justement, j’ai besoin de parler

311 828 1042 61 avec vous. J’ai besoin de renseignements.

436 905 1796 66 —Je vous ai donné tous les renseignements dont vous aviez besoin,

306 977 1924 64 murmura Hartog d’une voix aiguë. Partez. Allez-vous-en. Je n’ai rien à vous

311 1047 131 64 dire.

377 1126 1851 77 — Il s’agit d’un point d’architecture, monsieur Hartog. Il s’agit d’une...

310 1203 1519 64 construction. Une sorte de labyrinthe. Dans le Massif central.

374 1278 970 68 Hartog le regarda comme s’il était fou.
