2550 3301
310 297 1918 66 lui sortaient de la tête. Il essayait lentement de tirer son arme. Thompson lui

310 372 1918 62 empoigna l’avant-bras et lui cassa le poignet sur son genou. Nénesse

311 448 578 60 s’évanouit brièvement.

374 524 1383 64 En caleçon, son Colt à la main, Coco courait au hasard.

372 601 1262 61 — Arrêtez-le! Arrêtez-le! criait-on dans son dos.

370 680 1585 66 Le colosse blond déboucha sur le boulevard extérieur. Il hésita.

372 761 1856 64 — L'incendiaire! criaient ses poursuivants de plus en plus nombreux. Il

310 832 533 62 est armé! Attention!

372 911 1860 66 Les jambes brûlées de Coco le faisaient souffrir. Il reprit sa course sur le

310 986 1920 62 trottoir, en direction du bar Les Fleurs qu’il apercevait. Une Ford Capri

311 1056 1919 73 grenat venait de déboîter devant le café, elle s’éloignait rapidement. Coco

308 1127 1920 68 distingua son frère assis au pied de la terrasse du débit. Nénesse dodelinait.

310 1203 724 62 Il est ivre! pensa le colosse.

374 1278 1825 64 — Halte! Halte aux sommations! cria une voix nouvelle, nette, militaire.

372 1360 394 63 Coco accéléra.

374 1434 271 73 — Halte!

368 1518 1866 66 Coco entendit détoner un pistolet réglementaire, vraisemblablement

308 1593 1922 63 braqué vers le ciel. Le colosse se retourna et vit quatre gendarmes qui

308 1667 1920 60 couraient vers lui comme une ligne de rugbymen qui lance une belle attaque.

310 1736 1922 63 Derrière eux, la multitude de spectateurs hurlait comme au stade. Coco vida

311 1810 1923 62 son revolver dans le tas. Il lui restait trois balles. Il vit avec satisfaction un

311 1892 1925 59 gendarme qui tombait à quatre pattes. Les trois autres gendarmes s’arrêtèrent

308 1953 1924 71 pile, jambes écartées, visèrent à bras tendu et ouvrirent le feu à peu près en

310 2026 344 68 même temps.

374 2101 838 68 — Ils le tuent, murmura Nénesse.

379 2182 1853 64 Tout son corps était tordu par la souffrance. Il vit Coco se faire faucher

308 2257 1924 61 comme un épi. Des bouts de genou voltigèrent et le colosse blond se tortilla

308 2327 1922 64 en criant dans la poussière, une jambe pliée, l’autre raide et bizarre. Nénesse

308 2398 1924 64 avait réussi à se mettre debout et à sortir son arme de la main gauche. Il tira

308 2477 1926 70 par-dessus son frère, sans toucher quiconque. Les gendarmes ripostèrent en

310 2543 1920 62 désordre. Nénesse vit les balles sortir du dos de Coco en faisant jaillir des

306 2616 1924 59 morceaux de chair et de tissu. L’homme roula en arrière sur sa jambe

308 2684 1922 66 désarticulée, sans lâcher son Colt dont il pressa la détente à vide. Nénesse

308 2760 1926 64 soupira et deux grosses larmes jaillirent de ses petits yeux. Il jeta son arme et

310 2829 1918 66 attendit qu’on l’arrête. Alors, le patron du café avança de trois pas sur la

310 2901 1737 69 terrasse et lui vida dans l’oreille les deux canons d’un fusil de chasse.
