2550 3301
1091 610 365 64 TRENTE-SIX

372 865 1858 68 Quand Hartog et Thompson se furent mis d’accord, le tueur se lava, se

305 943 1922 77 rasa, se peigna et enfila des vêtements propres. Hartog gardait dans ses

308 1012 1924 75 penderies des habits de taille courante, indépendamment des siens, au cas où

308 1085 1926 66 il aurait eu à dépanner quelque invité. Thompson se trouva pourvu d’un

308 1157 1928 71 pantalon blanc, d’un tricot de marin d’opérette et d’un blazer bleu. Il avait

310 1232 1922 62 conservé une moustache fournie et une barbiche. Il avait l’air d’un réserviste

308 1302 1920 64 de la Royal Navy— un réserviste insomniaque : il avait des poches sous les

313 1377 952 68 yeux, les joues creuses, la peau sèche.

370 1448 1860 64 Le chauffeur Dédé revint à la nuit tombée et appela Hartog par le

308 1511 1924 73 téléphone intérieur. Le rousseau sortit de son antre pour venir chercher la

308 1595 1926 75 poule rousse que son chauffeur s’était procuré, puis il emporta l’animal au

310 1668 1920 63 salon. Thompson prit la poule et s’enferma dans la salle de bains. Hartog ne

308 1738 1920 66 chercha pas à le surveiller. Le tueur l’avait informé de ses problèmes.

310 1819 752 64 Hartog ne voulait pas voir ça.

368 1890 1868 75 Quant Thompson revint, il n’y avait pas une seule goutte de sang sur son

311 1965 1919 70 visage ni sur ses vêtements. Quant aux plumes de la poule et à sa carcasse, le

310 2037 895 62 broyeur à ordures les avait avalées.

370 2116 1866 73 Quant à Hartog, imaginer la chose lui avait coupé l’appétit pour un bon

306 2189 1926 64 moment. En compagnie de Thompson, il étudia les cartes du sud-ouest de la

308 2261 1924 64 France. Le tueur et le rousseau se trouvaient à peu de distance de la frontière

308 2332 1924 66 espagnole. Ils déterminèrent la route qu’ils devaient suivre pour rejoindre la

315 2404 1919 66 Tour Maure, et le temps qu’il leur faudrait. Ils voulaient, d’un commun

308 2475 1926 72 accord, intervenir à l’aurore. Hartog prévint Dédé qu’il prenait la Fiat et

308 2549 1924 64 qu’il s’absentait jusqu’au lendemain soir. Vers vingt-deux heures, le rousseau

308 2624 1777 60 et le tueur passèrent directement dans le garage, puis se mirent en route.

370 2697 1512 66 Cependant, dans le labyrinthe, Julie dormait sans inquiétude.
