2550 3301
1150 605 246 69 TRENTE

377 865 1857 70 Thompson se réveilla brûlant. Le soleil lui tombait sur la figure, par un

305 946 1925 60 trou du feuillage, et le tueur était en sueur. Il s’accroupit précipitamment, sa

310 1017 1924 61 tête pivota comme une girouette, mais la forêt était calme alentour ; on

306 1085 1926 64 entendait des chants d’oiseaux et le murmure du vent. Thompson consulta sa

308 1155 1922 68 montre. Elle s’était arrêtée. Il releva la tête. Au soleil, la matinée était déjà

308 1230 1920 62 avancée. L’homme claqua de la langue avec agacement Depuis des années, il

308 1302 987 62 ne lui était pas arrivé de dormir si tard.

370 1377 1860 66 Il se mit debout et se sentit mal. Il eut du mal à marcher jusqu’à la lisière

310 1452 1922 64 supérieure des bois. Allongé dans l’herbe, il scruta les montagnes rondes. Çà

308 1522 1922 66 et là, à des kilomètres de distance, scintillaient de petites grappes brunâtres

308 1597 1920 62 qui étaient des troupeaux de vaches à longues cornes. On ne voyait pas

310 1668 421 63 d’êtres humains.

376 1747 1860 64 Thompson gratta sa joue. Sa barbe naissante le démangeait. Le tueur était

308 1819 1928 64 exaspéré. Il lui fallait s’alimenter, mais cette seule idée lui retournait

310 1898 1918 58 l’estomac. Peut-être que s’il parvenait à se faufiler entre les barrages, à

306 1964 1924 64 rejoindre une ville, à entrer chez un médecin... Peut-être pourrait-on le

310 2039 831 60 remettre d’aplomb par perfusion.

372 2118 1866 62 Non. Le médecin poserait des questions. S’en poserait. Et la région devait

308 2191 1928 62 être en émoi. La Tuerie de Montbrison, c’est ainsi que les journaux devaient

308 2263 1928 60 titrer. Thompson se redressa. Les muscles de ses jambes tremblotaient

306 2336 1924 62 nerveusement sous lui. Il se dirigea vers le ruisseau, à couvert. Là, il se mit à

308 2406 572 69 plat ventre pour boire.

370 2483 1866 64 Comme il approchait ses lèvres de l’eau vive, quelque chose gicla en

310 2556 1922 62 aval, arriva sur lui comme un éclair gris. Le bras de Thompson se détendit. Il

306 2627 1924 65 roula sur lui-même, se retrouva dans l’herbe sur le dos, sa main refermée sur

310 2699 1918 64 les ouïes d’une truite qui se débattait. Thompson regarda le poisson gigoter.

311 2772 1921 63 La bête ouvrait et refermait convulsivement la bouche. C’était intéressant. Le

310 2846 1918 60 tueur lui mit les pouces sous la gorge et rejeta la tête du poisson en arrière.

308 2914 1926 66 La truite se débattit plus frénétiquement. Thompson accentua sa pression et
