2550 3301
377 295 813 71 — Posez ça là et foutez le camp.

374 379 442 68 — Oui monsieur.

366 453 1864 75 Georges sortit. Hartog se leva et s’épongea le visage avec un mouchoir

308 529 1926 65 noir. Il alla ouvrir une porte de communication et disparut, mais il demeurait

310 601 434 72 à portée de voix.

376 682 935 71 — Vous étiez ivre, hier soir, cria-t-il.

374 761 1695 62 — C’est possible, dit Julie d’un ton buté. Je ne me souviens de rien.

372 841 1862 64 — Alcool et tranquillisants, hein? fit le milliardaire invisible d’une voix

311 915 1919 62 bizarrement allègre. Faudrait pas en faire une habitude. Pas pendant le

310 984 201 63 travail.

374 1063 901 72 — Ce n’était pas pendant le travail.

376 1144 1357 70 — O. K. Servez le café, mon petit, vous serez gentille.

372 1225 1856 62 Julie servit le café. Hartog réapparut en pantalon, le torse et les pieds nus.

311 1296 1923 64 Il était bandé de la ceinture aux pectoraux. Il tenait un rasoir à piles. Il s’assit

310 1366 1480 64 à la table de travail et donna une chiquenaude au téléphone.

376 1448 849 70 — Cette bande de cons! cria-t-il.

374 1525 1862 66 Il fouilla dans les papiers accumulés sur la table, dénicha un grand dessin

311 1599 1340 62 à l’aquarelle et le fit claquer sur le bois, devant Julie.

372 1679 1862 72 — Regardez. C’est moi qui ai fait ce plan. Vous savez lire un dessin

310 1747 330 64 d’urbaniste?

376 1832 216 64 — Non.

372 1909 673 71 Le rousseau eut l’air déçu.

376 1987 1282 72 — Et puis merde, soupira-t-il. Je sais qu’il est bon.

377 2070 1855 71 — C’est pour me montrer vos petits dessins que vous m’avez réveillée à

310 2140 754 69 six heures et demie du matin?

376 2220 1476 65 Hartog but une gorgée de café. Il regarda Julie avec intérêt.

372 2301 1855 66 — Petite rebelle, dit-il. Je sais tout de vous. Voleuse à la tire. Pyromane.

310 2373 361 71 Compliments.

374 2450 1297 71 — Évidemment, dit Julie, tout est dans mon dossier.

372 2534 1856 70 — Vous, les pauvres, vous êtes trop cons, observa Hartog. Vous vous y

310 2615 711 62 prenez comme des manches.

377 2684 925 70 — Tout le monde ne peut pas hériter.

376 2765 673 62 Hartog haussa les épaules.

374 2840 1856 74 — Moi, dit-il, j’en fais quelque chose, de mon héritage. Vous autres, vous

310 2919 1917 62 ne sauriez pas quoi en faire. Vous, Fuentès, tout ça, les gens comme vous.
