2550 3301
376 297 1381 64 Parler était épuisant. Julie sentit que la brute la bordait.

374 379 1007 61 — Dormez. Vous n’avez rien à craindre.

370 456 1864 64 La jeune fille voulut demander encore où était Peter, mais elle ne réussit

310 528 1924 66 qu’à faire une bulle de salive, comme un nouveau-né. Puis elle connut

310 601 1920 68 d’autres instants de lucidité restreinte, et tantôt il faisait jour au-dehors,

310 671 1920 66 tantôt il faisait nuit. Fuentès lui faisait boire du bouillon avec une paille. Elle

310 744 1920 73 s’étranglait et en répandait la plus grande partie sur sa poitrine, laquelle

308 817 1920 70 n’était plus nue elle portait une vieille chemise d’homme, remarqua-t-elle.

310 891 1920 62 Une fois, elle crut voir Peter, mais comme il semblait porter une perruque, il

311 962 883 61 fallait admettre que c’était un rêve.

376 1043 1227 70 — Je suis en état de parler, affirma la jeune fille.

372 1122 1860 77 Elle ouvrit les yeux, étonnée d’avoir dit cela. Fuentès était assis au bord

308 1192 1920 66 du lit, en short kaki et chemise vert pomme, une chemise de bohémien. Il

311 1267 1189 60 avait une barbe hirsute. Ses yeux étaient cernés.

374 1344 1207 71 — Vous n’avez plus de fièvre, en tout cas, dit-il.

374 1426 1205 68 — Je suis complètement pompée, observa Julie.

372 1505 1858 62 Elle palpa sa blessure. La chair était recouverte d’un gros carré de

311 1578 1112 61 sparadrap. Cela ne faisait pas tellement mal.

374 1657 1858 59 — Vous savez qu’on vous a tiré dessus avec une balle coupée? demanda

310 1731 1926 58 Fuentès. Il y a un morceau qui était resté. Je l’ai enlevé. Les autres étaient

308 1800 1924 59 ressortis. Vous avez de la chance d’avoir encore vos bras. Quel est le salaud

310 1868 350 72 qui a fait ça?

372 1951 1332 62 — Thompson, dit Julie. Ah! Vous le savez très bien!

374 2030 1854 71 — Quais, fit l’homme. Peter m’a expliqué. Que je serais le chef des tueurs

311 2107 554 66 et tout ce qui s’ensuit.

376 2184 1109 68 — Peter... Qu’est-ce que vous en avez fait?

374 2261 1082 69 Fuentès gratta sa barbe jaune. Bruyamment.

379 2343 692 70 — Il joue dans les collines.

374 2426 609 66 — Je ne vous crois pas.

377 2501 487 70 — Faites un effort.

374 2580 1854 62 Julie éclata d’un rire nerveux. Fuentès se mit à rire aussi. Il sortit des

310 2653 1682 61 Gitanes maïs de la poche de sa chemise vert pomme, en alluma une.

374 2734 1821 70 — Je ne vous en offre pas. Ça vous ferait tousser. Vous n’êtes pas en état.

376 2811 763 75 — Longtemps que je suis ici?

376 2890 876 73 — Ça fera huit jours tout à l’heure.
