2550 3301
374 298 1864 61 Hartog se retourna et vit le môme à dix mètres de lui. Le rousseau

308 372 1924 68 tremblait irrépressiblement. Vite, avant de mesurer l’importance que

310 441 1920 72 présente la mort des gens qu’on tue soi-même, il leva de nouveau l’Arminius.

372 526 1862 60 En bas, Thompson vit la fille qui lui avait fait tant de mal atterrir au pied

308 597 1928 61 de l’escalier. Il épaula, visa au cœur et tira. Le canon de sa carabine étant

306 667 1928 72 plein de terre, l’arme fit explosion, et l’explosion arracha les deux mains du

311 740 1152 63 tueur et sa mâchoire. Il tomba sur le nez, mort.

374 817 1862 63 — Vieux con, ajouta l’enfant en expédiant une flèche dans la figure de son

308 889 172 59 oncle.

372 970 1862 64 Le projectile, dépourvu d’empennage et mal équilibré, atteignit son but de

306 1047 1928 68 travers, cingla les yeux de Hartog. Le rousseau, surpris, poussa un jappement

310 1118 1920 59 nerveux et fit un petit bond en arrière. Le sol manqua sous ses pieds.

308 1192 1922 58 L’homme bascula sur le dos, puis s’écrasa la tête la première sur le four à

306 1258 1924 64 céramique, trois mètres plus bas. Sous le choc, la voûte formée de grosses

308 1329 1922 73 pierres pas très bien reliées par un mortier friable, céda. Hartog et les

310 1401 1918 71 grosses pierres, pêle-mêle, s’écrasèrent dans les poteries chauffées au rouge

306 1474 1924 62 et le vernis. La cloison intermédiaire se rompit à son tour et l’ensemble

310 1545 1920 63 s’écrasa dans les braises. Les cheveux rouges de Hartog prirent feu, et ses

308 1617 1928 64 habits. Les liquides de son corps bouillonnèrent et se vaporisèrent. Pendant

308 1690 1922 72 quelques courts instants, le monticule de pierres éboulées s’agita comme une

310 1777 961 49 taupinière, puis tout mouvement cessa.
