2550 3301
1058 608 433 68 TRENTE-DEUX

372 867 1856 73 Il était une fois deux jeunes hommes. Hartog, Fuentès. Architectes,

310 942 1918 62 travaillant ensemble. Ils étaient plutôt fauchés. Ils s’entendaient à peu près

310 1014 1920 62 bien. C’est Fuentès qui avait le plus d’idées, vous excuserez ma fatuité.

308 1085 1926 64 Hartog suivait. Il avait l’air d’accord. C’était grâce à lui que le cabinet

310 1157 1924 75 survivait. Sa famille, riche, passait commandes de projets qui se réalisaient

308 1241 1108 61 rarement, mais qui étaient grassement payés.

374 1309 1858 62 Soudain, Hans-Peter et Marguerite Hartog se tuent en avion. Le jeune

308 1380 1922 63 Hartog devient riche. Ses projets d’architecte vont pouvoir devenir réalité.

308 1450 1922 64 Et l’on constate qu’ils ne sont pas tellement d’accord, Fuentès et lui. Fuentès

308 1525 1926 63 ne voulait pas construire d’usines, ni de logements pour ouvriers. Fuentès, on

308 1593 1922 74 comprend mal ce qu’il voulait. D’ailleurs, il avait de plus en plus de

308 1663 572 66 difficultés à travailler.

370 1747 1857 72 Hartog se sépare de lui. Hartog s’occupe de l’argent Hartog.

310 1822 1920 61 Accessoirement, il fait construire. Un musée, des usines qu’il dessine.

308 1888 1924 70 Fuentès est furieux. Faut-il que je continue? Tout cela fait déjà l’objet d’un

308 1962 1922 68 roman, et d’un film de King Vidor, avec Gary Cooper, et s’inspire de la vie

310 2033 585 66 de Frank Lloyd Wright.

372 2121 1860 59 Fuentès ne travaille plus comme architecte. À l’instar de Gary Cooper, il

310 2193 1920 64 s’emploie irrégulièrement sur les chantiers, comme manœuvre, carrier,

308 2261 1922 64 contremaître parfois. Il achète des bergeries dans le Massif Central et il se

306 2334 1924 64 met à construire, dans ses moments de loisir, lorsqu’il n’est pas ivre (car il

310 2406 1920 62 faut vous dire qu’il picole sérieusement, à présent). Il construit cette espèce

310 2477 563 62 de labyrinthe à la con.

372 2554 1860 64 Incidemment, lorsqu’il est ivre à Paris, il lui arrive de faire une petite

311 2627 1917 61 visite à Hartog. Il l’injurie. Il l’accuse de lui avoir volé ses idées.

310 2699 1069 64 Occasionnellement, il lui bourre la gueule.

365 2811 1867 62 Julie écoutait bouche bée. Fuentès se leva, sortit et revint presque

306 2884 1924 64 aussitôt avec une canette de bière. Il buvait au goulot, ne se rassit pas. Il
