2550 3301
310 298 1924 65 nettement plus bas que zéro. La jeune fille poussa un soupir aigu qui faillit

311 372 540 69 dégénérer en sanglot.

379 449 776 71 — Elle marche plus? fit Peter.

372 528 1860 64 Julie descendit de la voiture. L’air fraîchissant la fit frissonner. Elle

310 603 1922 60 ramassa sur la banquette l’imperméable taché de sang et le drapa

308 674 1920 63 maladroitement autour de ses épaules. Puis elle tomba soudain assise par

310 744 1920 64 terre, sur l’asphalte de la route. Peter sauta à bas de l’auto, empoigna Julie

311 817 1147 70 par l’épaule, tentant fébrilement de la relever.

377 896 1105 70 — Ça va bien, ça ira murmura la jeune fille.

372 975 1690 66 Elle se cramponna à la voiture et se releva. Elle titubait légèrement.

376 1058 790 69 — On continue à pied, dit-elle.

372 1137 925 60 — La barbe, dit Peter. J’en ai soupé.

372 1215 1858 65 — Si tu préfères, dit Julie d’une voix neutre, je te laisse ici, en bordure

310 1287 1278 73 des bois profonds hantés par de grands hiboux gris.

376 1368 1431 67 — Tais-toi ! Tais-toi! s’exclama le garçonnet. C’est bon.

368 1448 1864 64 Julie se mit en marche, mal assurée sur ses jambes. Peter trotta derrière

310 1522 1920 62 elle. L’ombre s’amassait dans les creux, mais par-delà une crête proche, le

306 1593 1928 61 ciel était comme une flaque de cuivre. La route, étroite et défoncée, était

308 1663 1926 71 déserte. Depuis que la 2 CV avait quitté Montbrison, les voyageurs n’avaient

308 1736 1922 64 croisé que quelques véhicules et de rares passants, aux environs immédiats

308 1808 1922 64 de la ville. Depuis une heure ou plus, ils n’avaient vu personne, ni la

310 1881 480 62 moindre bourgade.

370 1954 1860 66 Julie et Peter montaient vers la crête ensoleillée. Une piste coupa la petite

310 2031 1918 63 route. Un panneau indicateur de fortune pendait sur un pieu à l’intersection.

310 2101 1456 64 Un nom de hameau y était inscrit, qui ne disait rien à Julie.

376 2185 1854 70 Je vais peut-être arriver jusqu’à cette crête, se dit-elle, puis je me

310 2259 1245 59 coucherai et je mourrai et rien n’aura servi à rien.

372 2334 1645 64 Sa tête pendait sur sa poitrine. Elle avançait comme une automate.

374 2415 754 68 — Porte-moi, demanda Peter.

374 2492 1854 64 Elle ne lui répondit pas. Elle avançait. Les brumes emplissaient le ciel.

310 2563 1663 64 Derrière Julie, au-dessus d’elle, la nue prenait une teinte gris-bleu.

372 2644 1858 64 La jeune fille atteignit la crête et faillit ne pas s’en apercevoir. Mais

310 2721 1918 66 comme le sol cessait de monter, elle se cogna le menton contre la poitrine,

308 2789 1924 66 releva la tête, et s’immobilisa, titubante, devant le glorieux soleil couchant

308 2862 1078 74 qui lui flanquait sa lumière en pleine poire.
