2550 3301
306 298 1932 65 chromo. Il mesurait cinquante centimètres de long, au moins. Julie poussa un

306 372 1926 60 cri étranglé, recula, heurta une chaise et sentit ses cheveux se hérisser. Le

305 429 1922 82 siège lui arrivait au milieu du torse, et la table était presque à la hauteur de

313 529 301 52 son menton.

434 594 978 69 -C’est le château du géant! hurla Peter.

370 673 1860 64 Julie, les yeux agrandis par la terreur, pivota et vit un homme sortir de

310 744 1918 64 l’ombre, à l’autre bout de la salle insensée. Il portait un bleu de travail. Des

310 817 1920 66 mèches jaunâtres pendaient sur son front large. C’était Fuentès. Julie essaya

311 893 1103 62 de faire un pas en arrière et se sentit tomber.
