<?xml version="1.0" encoding="UTF-8"?>
<alto xmlns:xsi="http://www.w3.org/2001/XMLSchema-instance"
      xmlns="http://www.loc.gov/standards/alto/ns-v4#"
      xsi:schemaLocation="http://www.loc.gov/standards/alto/ns-v4# http://www.loc.gov/standards/alto/v4/alto-4-2.xsd">
  <Description>
    <MeasurementUnit>pixel</MeasurementUnit>
    <sourceImageInformation>
      <fileName>page_00092.png</fileName>
      
    </sourceImageInformation>
  </Description>
  
  <Tags>
    <OtherTag ID="BT11002" LABEL="MaineZone" DESCRIPTION="block type MaineZone"/><OtherTag ID="BT11004" LABEL="TitlePageZone" DESCRIPTION="block type TitlePageZone"/><OtherTag ID="BT11005" LABEL="RunningTitleZone" DESCRIPTION="block type RunningTitleZone"/><OtherTag ID="BT11006" LABEL="NumberingZone" DESCRIPTION="block type NumberingZone"/><OtherTag ID="BT11009" LABEL="MainZone" DESCRIPTION="block type MainZone"/><OtherTag ID="BT11010" LABEL="QuireMarksZone" DESCRIPTION="block type QuireMarksZone"/>
    <OtherTag ID="LT4328" LABEL="DefaultLine" DESCRIPTION="line type DefaultLine"/><OtherTag ID="LT4329" LABEL="HeadingLine" DESCRIPTION="line type HeadingLine"/><OtherTag ID="LT4330" LABEL="default" DESCRIPTION="line type default"/>
  </Tags>
  
  <Layout>
    <Page WIDTH="2550"
          HEIGHT="3301"
          PHYSICAL_IMG_NR="87"
          ID="eSc_dummypage_">
      <PrintSpace HPOS="0"
                  VPOS="0"
                  WIDTH="2550"
                  HEIGHT="3301">
        
        <TextBlock HPOS="290"
                   VPOS="550"
                   WIDTH="1965"
                   HEIGHT="2389"
                   ID="block_1"
                   TAGREFS="BT11009">
          <Shape><Polygon POINTS="2255 550 2255 2939 290 2939 290 550"/></Shape>
          
          
          <TextLine ID="line_28"
                    TAGREFS="LT4329"
                    BASELINE="1098 658 1451 658" 
                    HPOS="1098"
                    VPOS="607"
                    WIDTH="353"
                    HEIGHT="75">
            <Shape><Polygon POINTS="1098 671 1449 682 1451 658 1451 610 1098 607 1098 658"/></Shape>
	    <String CONTENT="VINGT-CINQ"
                    HPOS="1098"
                    VPOS="607"
                    WIDTH="353"
                    HEIGHT="75"
                    WC="0.999853003025055"></String>
          </TextLine>

          
          
          <TextLine ID="line_0"
                    TAGREFS="LT4328"
                    BASELINE="374 918 2228 918" 
                    HPOS="374"
                    VPOS="867"
                    WIDTH="1854"
                    HEIGHT="71">
            <Shape><Polygon POINTS="374 918 374 931 2227 938 2228 918 2228 882 2131 880 2111 867 2109 867 2107 867 2106 867 2104 867 2067 880 2043 867 2041 867 2040 867 2038 867 2001 880 1983 871 1981 871 1979 871 1924 880 1918 880 1917 880 1893 867 1891 867 1889 867 1825 878 1788 867 1786 867 1785 867 1783 867 1761 880 1759 880 1757 880 1729 867 1728 867 1726 867 1724 867 1691 878 1685 880 1680 878 1641 867 1640 867 1588 867 1586 867 1585 867 1564 878 1561 880 1537 878 1458 871 1456 871 1374 878 1341 880 1335 878 1315 867 1313 867 1311 867 1309 867 1284 878 1275 880 1258 876 1205 867 1203 867 1201 867 1174 876 1164 880 1157 876 1135 867 1133 867 1131 867 1130 867 1102 876 1091 882 1012 882 1003 876 983 867 981 867 979 867 977 867 953 876 941 882 845 882 834 876 816 867 814 867 812 867 810 867 788 874 776 880 761 874 737 867 735 867 733 867 660 874 642 876 634 874 610 867 609 867 607 867 605 867 588 874 581 878 561 874 524 867 522 867 521 867 519 867 508 874 497 880 431 880 421 874 410 867 409 867 407 867 405 867 374 872 374 918"/></Shape>
	    <String CONTENT="Les cils brûlés, les mains noircies, la veste tachée de fumée et de bave,"
                    HPOS="374"
                    VPOS="867"
                    WIDTH="1854"
                    HEIGHT="71"
                    WC="0.9941814402481178"></String>
          </TextLine>

          
          
          <TextLine ID="line_1"
                    TAGREFS="LT4328"
                    BASELINE="315 990 2230 986" 
                    HPOS="313"
                    VPOS="940"
                    WIDTH="1917"
                    HEIGHT="66">
            <Shape><Polygon POINTS="315 990 315 1006 2228 1004 2230 986 2228 951 2194 940 2192 940 2190 940 2133 949 2126 951 2117 949 2067 940 2065 940 2063 940 2032 949 2027 951 2019 949 1990 940 1988 940 1986 940 1984 940 1983 940 1968 949 1962 953 1819 953 1808 949 1779 940 1777 940 1775 940 1773 940 1772 940 1759 949 1751 953 1674 953 1667 948 1651 940 1649 940 1575 940 1574 940 1539 948 1520 951 1495 948 1445 940 1443 940 1408 948 1388 951 1368 948 1333 940 1331 940 1330 940 1328 940 1317 948 1309 951 1269 948 1227 942 1225 942 1223 942 1221 942 1214 946 1201 955 983 955 968 946 963 942 961 942 959 942 957 942 955 942 944 946 919 953 876 946 856 942 748 942 746 942 744 942 737 944 715 953 313 944 315 990"/></Shape>
	    <String CONTENT="Thompson, son pistolet dans sa poche, franchissait le petit pont, fendant la"
                    HPOS="313"
                    VPOS="940"
                    WIDTH="1917"
                    HEIGHT="66"
                    WC="0.9981953964421624"></String>
          </TextLine>

          
          
          <TextLine ID="line_2"
                    TAGREFS="LT4328"
                    BASELINE="311 1063 884 1063" 
                    HPOS="311"
                    VPOS="1017"
                    WIDTH="573"
                    HEIGHT="59">
            <Shape><Polygon POINTS="311 1063 311 1076 884 1076 884 1063 884 1026 858 1017 856 1017 854 1017 853 1017 812 1028 632 1028 599 1017 598 1017 596 1017 493 1026 464 1017 462 1017 460 1017 458 1017 456 1017 442 1026 324 1017 322 1017 321 1017 319 1017 311 1023 311 1063"/></Shape>
	    <String CONTENT="foule à contre-courant."
                    HPOS="311"
                    VPOS="1017"
                    WIDTH="573"
                    HEIGHT="59"
                    WC="0.9995443448424339"></String>
          </TextLine>

          
          
          <TextLine ID="line_3"
                    TAGREFS="LT4328"
                    BASELINE="372 1142 2232 1138" 
                    HPOS="370"
                    VPOS="1089"
                    WIDTH="1862"
                    HEIGHT="77">
            <Shape><Polygon POINTS="372 1142 372 1166 596 1155 2230 1155 2232 1138 2230 1102 2194 1089 2192 1089 2190 1089 2188 1089 2161 1100 2135 1089 2133 1089 2131 1089 2129 1089 2100 1102 2021 1102 2001 1089 1999 1089 1997 1089 1907 1089 1906 1089 1904 1089 1902 1089 1884 1100 1856 1089 1854 1089 1852 1089 1851 1089 1823 1100 1797 1089 1796 1089 1794 1089 1792 1089 1762 1100 1762 1102 1678 1102 1678 1100 1651 1089 1649 1089 1647 1089 1594 1100 1592 1100 1507 1089 1506 1089 1429 1100 1425 1100 1421 1100 1302 1089 1300 1089 1298 1089 1297 1089 1280 1100 1276 1102 1269 1100 1230 1091 1229 1091 1227 1091 1225 1091 1199 1100 1192 1102 1179 1100 1119 1091 1117 1091 1115 1091 1087 1100 1080 1102 1065 1100 1005 1091 1003 1091 1001 1091 964 1100 953 1104 829 1104 823 1100 801 1091 799 1091 678 1091 676 1091 675 1091 649 1100 640 1104 447 1104 438 1100 410 1091 409 1091 407 1091 370 1098 372 1142"/></Shape>
	    <String CONTENT="Les gens se hâtaient en direction du sinistre. Les clients de la Maison de la"
                    HPOS="370"
                    VPOS="1089"
                    WIDTH="1862"
                    HEIGHT="77"
                    WC="0.9981441803467579"></String>
          </TextLine>

          
          
          <TextLine ID="line_4"
                    TAGREFS="LT4328"
                    BASELINE="310 1214 2230 1210" 
                    HPOS="308"
                    VPOS="1168"
                    WIDTH="1922"
                    HEIGHT="58">
            <Shape><Polygon POINTS="310 1214 310 1226 2228 1223 2230 1210 2227 1173 308 1168 310 1214"/></Shape>
	    <String CONTENT="Presse étaient sortis sur le trottoir pour scruter. Dans la bousculade, le"
                    HPOS="308"
                    VPOS="1168"
                    WIDTH="1922"
                    HEIGHT="58"
                    WC="0.9987829144795736"></String>
          </TextLine>

          
          
          <TextLine ID="line_5"
                    TAGREFS="LT4328"
                    BASELINE="310 1287 2228 1281" 
                    HPOS="308"
                    VPOS="1236"
                    WIDTH="1920"
                    HEIGHT="73">
            <Shape><Polygon POINTS="310 1287 310 1309 368 1300 678 1307 680 1307 957 1298 2225 1303 2228 1281 2225 1247 2107 1247 2087 1236 2085 1236 2084 1236 2032 1245 1944 1236 1942 1236 1940 1236 1939 1236 1922 1247 1777 1247 1733 1236 1731 1236 1729 1236 1709 1245 1656 1236 1654 1236 1585 1247 1247 1237 1245 1237 1243 1237 1241 1237 1225 1248 933 1248 370 1239 368 1239 308 1250 310 1287"/></Shape>
	    <String CONTENT="présentoir à journaux se renversa. Des gamins arrivaient en bondissant,"
                    HPOS="308"
                    VPOS="1236"
                    WIDTH="1920"
                    HEIGHT="73"
                    WC="0.9917469130803461"></String>
          </TextLine>

          
          
          <TextLine ID="line_6"
                    TAGREFS="LT4328"
                    BASELINE="310 1358 1981 1355" 
                    HPOS="308"
                    VPOS="1309"
                    WIDTH="1673"
                    HEIGHT="71">
            <Shape><Polygon POINTS="310 1358 310 1380 394 1371 792 1377 897 1379 898 1379 1979 1368 1981 1355 1977 1320 1920 1309 1918 1309 1871 1320 1658 1320 1621 1309 1619 1309 1618 1309 1616 1309 1614 1309 1599 1320 1485 1320 1454 1309 1452 1309 1451 1309 1352 1318 1245 1309 1243 1309 1142 1320 1119 1311 1117 1311 1115 1311 809 1320 785 1311 783 1311 493 1311 491 1311 489 1311 469 1320 343 1311 341 1311 339 1311 308 1322 310 1358"/></Shape>
	    <String CONTENT="pleins de l’exaltation qui saisit les enfants en temps de catastrophe."
                    HPOS="308"
                    VPOS="1309"
                    WIDTH="1673"
                    HEIGHT="71"
                    WC="0.9989139148167201"></String>
          </TextLine>

          
          
          <TextLine ID="line_7"
                    TAGREFS="LT4328"
                    BASELINE="372 1437 2230 1437" 
                    HPOS="372"
                    VPOS="1391"
                    WIDTH="1858"
                    HEIGHT="61">
            <Shape><Polygon POINTS="372 1437 372 1452 2230 1452 2230 1437 2230 1402 2177 1391 2175 1391 1911 1401 1867 1391 1865 1391 1863 1391 1834 1401 1696 1391 1695 1391 1693 1391 1671 1401 1629 1391 1627 1391 1625 1391 1596 1401 1539 1391 1537 1391 1535 1391 1533 1391 1517 1402 1287 1402 1256 1391 1254 1391 1252 1391 1137 1401 1089 1391 1087 1391 1086 1391 1054 1402 801 1402 770 1391 768 1391 766 1391 715 1401 669 1391 667 1391 665 1391 645 1402 539 1402 491 1391 489 1391 442 1401 401 1391 399 1391 398 1391 396 1391 372 1401 372 1437"/></Shape>
	    <String CONTENT="Au-dessus des toits, on voyait monter un panache de fumée de plus en plus"
                    HPOS="372"
                    VPOS="1391"
                    WIDTH="1858"
                    HEIGHT="61"
                    WC="0.9808991076173009"></String>
          </TextLine>

          
          
          <TextLine ID="line_8"
                    TAGREFS="LT4328"
                    BASELINE="310 1511 2230 1511" 
                    HPOS="310"
                    VPOS="1463"
                    WIDTH="1920"
                    HEIGHT="62">
            <Shape><Polygon POINTS="310 1511 310 1525 2230 1525 2230 1511 2230 1474 2181 1463 2179 1463 2177 1463 2139 1472 2017 1463 2016 1463 1950 1472 1942 1472 1931 1472 1810 1463 1808 1463 1709 1470 1691 1472 1674 1470 1601 1463 1599 1463 1561 1470 1550 1472 1524 1470 1436 1463 1434 1463 1399 1470 1386 1472 310 1467 310 1511"/></Shape>
	    <String CONTENT="lourde et foncée. La sirène des pompiers résonnait continûment. Une gerbe"
                    HPOS="310"
                    VPOS="1463"
                    WIDTH="1920"
                    HEIGHT="62"
                    WC="0.9916193477519146"></String>
          </TextLine>

          
          
          <TextLine ID="line_9"
                    TAGREFS="LT4328"
                    BASELINE="310 1580 1522 1580" 
                    HPOS="310"
                    VPOS="1534"
                    WIDTH="1212"
                    HEIGHT="63">
            <Shape><Polygon POINTS="310 1580 310 1597 1522 1597 1522 1580 1522 1545 1498 1534 1496 1534 1412 1534 1410 1534 1408 1534 1386 1545 922 1534 920 1534 919 1534 895 1545 854 1534 853 1534 851 1534 849 1534 847 1534 834 1547 781 1547 741 1534 739 1534 737 1534 735 1534 702 1545 653 1534 651 1534 649 1534 612 1547 399 1547 333 1534 332 1534 330 1534 310 1544 310 1580"/></Shape>
	    <String CONTENT="d’eau se montra dans la fumée, miroita au soleil."
                    HPOS="310"
                    VPOS="1534"
                    WIDTH="1212"
                    HEIGHT="63"
                    WC="0.9809438514709473"></String>
          </TextLine>

          
          
          <TextLine ID="line_10"
                    TAGREFS="LT4328"
                    BASELINE="372 1665 2236 1661" 
                    HPOS="370"
                    VPOS="1615"
                    WIDTH="1866"
                    HEIGHT="63">
            <Shape><Polygon POINTS="372 1665 372 1678 2234 1676 2236 1661 2232 1626 2091 1626 2091 1624 2067 1615 2065 1615 2063 1615 2005 1624 2001 1624 1995 1624 1841 1615 1840 1615 1838 1615 1805 1624 1803 1624 1792 1624 1656 1615 1654 1615 1612 1624 1607 1624 1603 1624 1559 1615 1557 1615 1368 1624 1335 1624 1330 1624 1306 1615 1304 1615 1302 1615 1300 1615 1269 1622 1256 1626 370 1622 372 1665"/></Shape>
	    <String CONTENT="De part et d’autre du magasin en flammes, des lances étaient mises en"
                    HPOS="370"
                    VPOS="1615"
                    WIDTH="1866"
                    HEIGHT="63"
                    WC="0.9944175141198295"></String>
          </TextLine>

          
          
          <TextLine ID="line_11"
                    TAGREFS="LT4328"
                    BASELINE="311 1734 2236 1734" 
                    HPOS="311"
                    VPOS="1689"
                    WIDTH="1925"
                    HEIGHT="60">
            <Shape><Polygon POINTS="311 1734 311 1749 2236 1749 2236 1734 2236 1698 1953 1689 1951 1689 1950 1689 1924 1696 1913 1700 1649 1700 1618 1694 1577 1689 1575 1689 1504 1694 1436 1698 1392 1692 1355 1689 1353 1689 1333 1692 1306 1698 1172 1692 1093 1689 1091 1689 1089 1689 1080 1692 1060 1698 1031 1690 1016 1689 1014 1689 1012 1689 1001 1690 972 1698 924 1690 908 1689 906 1689 904 1689 898 1690 880 1698 829 1690 814 1689 812 1689 810 1689 807 1690 790 1700 609 1700 552 1689 544 1689 543 1689 533 1689 434 1698 311 1689 311 1734"/></Shape>
	    <String CONTENT="batterie. On arrosait la façade de l’immeuble en même temps que l’on noyait"
                    HPOS="311"
                    VPOS="1689"
                    WIDTH="1925"
                    HEIGHT="60"
                    WC="0.9933836452372662"></String>
          </TextLine>

          
          
          <TextLine ID="line_12"
                    TAGREFS="LT4328"
                    BASELINE="311 1808 2232 1804" 
                    HPOS="310"
                    VPOS="1758"
                    WIDTH="1922"
                    HEIGHT="63">
            <Shape><Polygon POINTS="311 1808 311 1821 2230 1819 2232 1804 2230 1771 2195 1758 2194 1758 2192 1758 2190 1758 2151 1771 2118 1771 1909 1771 1907 1769 1882 1758 1880 1758 1785 1758 1783 1758 1781 1758 1779 1758 1762 1769 1761 1769 1746 1769 1643 1760 1641 1760 1590 1767 1579 1769 1575 1767 1555 1758 1553 1758 1552 1758 1550 1758 1515 1767 1507 1769 1465 1767 1295 1758 1293 1758 1223 1767 1181 1771 1128 1766 1062 1760 1060 1760 1014 1766 972 1771 930 1766 891 1760 889 1760 854 1766 814 1771 790 1766 772 1760 770 1760 598 1760 596 1760 594 1760 587 1764 572 1771 548 1764 535 1760 533 1760 532 1760 484 1764 392 1771 310 1764 311 1808"/></Shape>
	    <String CONTENT="le rez-de-chaussée. Une sirène nouvelle, sur des tons différents, signala"
                    HPOS="310"
                    VPOS="1758"
                    WIDTH="1922"
                    HEIGHT="63"
                    WC="0.9969367431966882"></String>
          </TextLine>

          
          
          <TextLine ID="line_13"
                    TAGREFS="LT4328"
                    BASELINE="311 1877 2234 1877" 
                    HPOS="311"
                    VPOS="1830"
                    WIDTH="1923"
                    HEIGHT="64">
            <Shape><Polygon POINTS="311 1877 311 1894 2234 1894 2234 1877 2232 1841 1977 1841 1973 1839 1953 1830 1951 1830 1950 1830 1904 1839 1891 1843 1759 1843 1753 1839 1735 1830 1733 1830 1731 1830 1689 1839 1674 1843 1574 1843 1566 1837 1550 1830 1548 1830 1546 1830 1544 1830 1522 1837 1511 1841 1502 1837 1478 1830 1476 1830 1474 1830 1419 1837 1392 1843 1223 1843 1214 1837 1197 1830 1196 1830 1194 1830 1135 1837 1098 1841 1078 1837 1047 1830 1045 1830 1043 1830 1020 1837 1007 1839 992 1837 957 1830 955 1830 953 1830 952 1830 942 1835 933 1841 897 1835 849 1830 847 1830 845 1830 821 1835 801 1841 776 1835 746 1830 744 1830 704 1835 669 1841 634 1835 601 1830 599 1830 598 1830 576 1835 552 1841 528 1835 508 1830 506 1830 504 1830 502 1830 486 1835 465 1841 311 1835 311 1877"/></Shape>
	    <String CONTENT="l’arrivée d’une Estafette d’où jaillirent aussitôt des gendarmes. Ils se mirent"
                    HPOS="311"
                    VPOS="1830"
                    WIDTH="1923"
                    HEIGHT="64"
                    WC="0.987541344834537"></String>
          </TextLine>

          
          
          <TextLine ID="line_14"
                    TAGREFS="LT4328"
                    BASELINE="310 1951 2232 1947" 
                    HPOS="308"
                    VPOS="1901"
                    WIDTH="1924"
                    HEIGHT="64">
            <Shape><Polygon POINTS="310 1951 310 1965 2230 1962 2232 1947 2228 1912 2175 1901 2173 1901 2172 1901 2135 1910 2085 1901 2084 1901 2030 1910 2006 1901 2005 1901 2003 1901 2001 1901 1972 1910 1972 1912 1856 1912 1854 1910 1840 1901 1838 1901 1836 1901 1834 1901 1832 1901 1797 1910 1796 1910 1739 1901 1737 1901 1735 1901 1700 1910 1698 1912 1355 1912 1353 1910 1333 1901 1331 1901 1330 1901 1275 1910 1260 1914 953 1914 946 1910 924 1903 922 1903 920 1903 887 1910 876 1912 867 1910 843 1903 842 1903 840 1903 805 1910 794 1912 788 1910 776 1903 774 1903 772 1903 308 1909 310 1951"/></Shape>
	    <String CONTENT="à refouler la multitude. Les manœuvres des pompiers et des forces de l’ordre"
                    HPOS="308"
                    VPOS="1901"
                    WIDTH="1924"
                    HEIGHT="64"
                    WC="0.9954615111474867"></String>
          </TextLine>

          
          
          <TextLine ID="line_15"
                    TAGREFS="LT4328"
                    BASELINE="308 2024 2232 2020" 
                    HPOS="306"
                    VPOS="1973"
                    WIDTH="1926"
                    HEIGHT="64">
            <Shape><Polygon POINTS="308 2024 308 2037 2230 2033 2232 2020 2228 1984 2181 1973 2179 1973 2177 1973 2151 1984 2148 1984 2146 1984 2115 1973 2113 1973 2111 1973 2054 1984 2049 1984 2043 1984 2006 1973 2005 1973 2003 1973 1884 1984 1873 1984 1869 1984 1836 1973 1834 1973 1832 1973 1830 1973 1829 1973 1810 1984 1808 1986 1574 1986 1572 1984 1533 1973 1531 1973 1530 1973 1528 1973 1526 1973 1507 1984 1506 1986 1407 1986 1405 1984 1366 1973 1364 1973 1363 1973 1361 1973 1320 1984 1319 1984 1269 1973 1267 1973 1159 1984 1141 1987 1067 1987 1064 1984 1047 1975 1045 1975 1043 1975 1042 1975 975 1986 964 1987 843 1987 840 1986 820 1975 818 1975 816 1975 689 1986 675 1986 658 1986 535 1975 533 1975 532 1975 498 1986 497 1986 495 1986 478 1975 476 1975 475 1975 473 1975 414 1986 409 1986 403 1986 324 1975 322 1975 321 1975 306 1980 308 2024"/></Shape>
	    <String CONTENT="étaient gênées par le marché, par l’abondance de paysans descendus de la"
                    HPOS="306"
                    VPOS="1973"
                    WIDTH="1926"
                    HEIGHT="64"
                    WC="0.9953330316041645"></String>
          </TextLine>

          
          
          <TextLine ID="line_16"
                    TAGREFS="LT4328"
                    BASELINE="310 2096 2230 2092" 
                    HPOS="308"
                    VPOS="2048"
                    WIDTH="1922"
                    HEIGHT="59">
            <Shape><Polygon POINTS="310 2096 310 2107 2228 2105 2230 2092 2227 2059 1443 2048 1441 2048 1394 2057 1289 2048 1287 2048 1286 2048 1284 2048 1265 2059 1207 2050 1205 2050 1108 2059 752 2050 750 2050 748 2050 746 2050 730 2061 554 2061 425 2050 423 2050 308 2061 310 2096"/></Shape>
	    <String CONTENT="montagne pour faire leurs achats. Des éventaires obstruaient la rue"
                    HPOS="308"
                    VPOS="2048"
                    WIDTH="1922"
                    HEIGHT="59"
                    WC="0.9996694037142921"></String>
          </TextLine>

          
          
          <TextLine ID="line_17"
                    TAGREFS="LT4328"
                    BASELINE="310 2169 2230 2163" 
                    HPOS="308"
                    VPOS="2116"
                    WIDTH="1922"
                    HEIGHT="73">
            <Shape><Polygon POINTS="310 2169 310 2189 368 2180 2228 2180 2230 2163 2227 2129 2131 2116 2129 2116 2128 2116 2126 2116 2106 2129 1671 2129 1612 2116 1610 2116 1608 2116 1585 2129 1434 2118 1432 2118 1298 2129 1260 2118 1258 2118 1256 2118 1254 2118 1208 2129 1159 2118 1157 2118 1062 2129 992 2118 990 2118 931 2130 908 2119 906 2119 904 2119 816 2130 765 2119 763 2119 761 2119 759 2119 741 2130 610 2119 609 2119 607 2119 574 2130 519 2119 517 2119 515 2119 493 2130 308 2132 310 2169"/></Shape>
	    <String CONTENT="principale. Dans le désordre et les bousculades, ils se renversaient. Des"
                    HPOS="308"
                    VPOS="2116"
                    WIDTH="1922"
                    HEIGHT="73"
                    WC="0.9891540327587643"></String>
          </TextLine>

          
          
          <TextLine ID="line_18"
                    TAGREFS="LT4328"
                    BASELINE="311 2237 2228 2237" 
                    HPOS="311"
                    VPOS="2189"
                    WIDTH="1917"
                    HEIGHT="64">
            <Shape><Polygon POINTS="311 2237 311 2253 2228 2253 2228 2237 2228 2202 2104 2202 2104 2200 2080 2189 2078 2189 2076 2189 2074 2189 2038 2198 1999 2189 1997 2189 1995 2189 1994 2189 1966 2200 1915 2189 1913 2189 1858 2200 1854 2202 1751 2202 1750 2200 1724 2189 1722 2189 1720 2189 1718 2189 1684 2200 1680 2202 1601 2202 1599 2200 1574 2189 1572 2189 1570 2189 1568 2189 1537 2200 1533 2200 1528 2200 1473 2189 1471 2189 1418 2200 1410 2200 1401 2200 1330 2189 1328 2189 1326 2189 1291 2200 1287 2200 1284 2200 1254 2189 1252 2189 1251 2189 1161 2198 1144 2200 1131 2198 1071 2189 1069 2189 1020 2198 1018 2198 975 2189 974 2189 972 2189 970 2189 955 2198 952 2200 950 2198 931 2189 930 2189 928 2189 926 2189 895 2198 887 2200 873 2198 809 2189 807 2189 752 2198 737 2202 588 2202 583 2198 565 2189 563 2189 561 2189 559 2189 524 2198 513 2200 486 2198 403 2189 401 2189 311 2196 311 2237"/></Shape>
	    <String CONTENT="fruits roulaient sur le sol. On les piétinait, on les écrasait, on glissait dessus."
                    HPOS="311"
                    VPOS="2189"
                    WIDTH="1917"
                    HEIGHT="64"
                    WC="0.9807427581618814"></String>
          </TextLine>

          
          
          <TextLine ID="line_19"
                    TAGREFS="LT4328"
                    BASELINE="311 2310 2230 2307" 
                    HPOS="310"
                    VPOS="2266"
                    WIDTH="1920"
                    HEIGHT="59">
            <Shape><Polygon POINTS="311 2310 311 2325 2228 2321 2230 2307 2227 2274 310 2266 311 2310"/></Shape>
	    <String CONTENT="Des gens tombaient. Un klaxon à trois notes résonnait avec insistance, une"
                    HPOS="310"
                    VPOS="2266"
                    WIDTH="1920"
                    HEIGHT="59"
                    WC="0.9978545088517038"></String>
          </TextLine>

          
          
          <TextLine ID="line_20"
                    TAGREFS="LT4328"
                    BASELINE="310 2382 1629 2382" 
                    HPOS="310"
                    VPOS="2336"
                    WIDTH="1319"
                    HEIGHT="60">
            <Shape><Polygon POINTS="310 2382 310 2396 1629 2396 1629 2382 1629 2347 1581 2336 1579 2336 1410 2345 1388 2336 1386 2336 1385 2336 1383 2336 1350 2345 1126 2336 1124 2336 1122 2336 1120 2336 1109 2347 972 2347 939 2336 937 2336 935 2336 933 2336 913 2347 731 2347 671 2336 669 2336 667 2336 665 2336 654 2347 493 2347 385 2336 383 2336 310 2345 310 2382"/></Shape>
	    <String CONTENT="ambulance se frayait un chemin, évacuant des brûlés."
                    HPOS="310"
                    VPOS="2336"
                    WIDTH="1319"
                    HEIGHT="60"
                    WC="0.9964231230995871"></String>
          </TextLine>

          
          
          <TextLine ID="line_21"
                    TAGREFS="LT4328"
                    BASELINE="376 2461 2230 2457" 
                    HPOS="374"
                    VPOS="2409"
                    WIDTH="1856"
                    HEIGHT="66">
            <Shape><Polygon POINTS="376 2461 376 2475 2228 2472 2230 2457 2227 2420 2109 2409 2107 2409 2045 2418 2023 2409 2021 2409 2019 2409 2017 2409 1988 2418 1986 2418 1915 2409 1913 2409 1911 2409 1882 2418 1880 2418 1876 2418 1810 2409 1808 2409 1807 2409 1775 2418 1773 2418 1766 2418 1665 2409 1663 2409 1662 2409 1630 2418 1627 2418 1619 2418 1541 2409 1539 2409 1397 2418 1374 2418 1363 2418 1304 2409 1302 2409 1300 2409 1280 2417 1271 2420 1262 2417 1240 2411 1238 2411 1236 2411 1234 2411 1214 2417 1203 2420 1159 2417 1080 2411 1078 2411 1076 2411 1058 2417 1045 2420 1021 2417 981 2411 979 2411 977 2411 959 2417 946 2422 814 2422 805 2417 792 2411 790 2411 788 2411 787 2411 765 2417 748 2420 704 2417 647 2411 645 2411 643 2411 623 2417 607 2420 579 2417 546 2411 544 2411 519 2417 495 2420 374 2417 376 2461"/></Shape>
	    <String CONTENT="Les planchers du premier étage de l’immeuble prirent feu. Les habitants"
                    HPOS="374"
                    VPOS="2409"
                    WIDTH="1856"
                    HEIGHT="66"
                    WC="0.9955190585719215"></String>
          </TextLine>

          
          
          <TextLine ID="line_22"
                    TAGREFS="LT4328"
                    BASELINE="311 2528 953 2532" 
                    HPOS="310"
                    VPOS="2484"
                    WIDTH="643"
                    HEIGHT="61">
            <Shape><Polygon POINTS="311 2528 310 2541 950 2545 953 2532 953 2499 854 2486 853 2486 546 2494 537 2486 537 2484 535 2484 533 2484 532 2484 311 2494 311 2528"/></Shape>
	    <String CONTENT="sautèrent par les fenêtres."
                    HPOS="310"
                    VPOS="2484"
                    WIDTH="643"
                    HEIGHT="61"
                    WC="0.9896681719812853"></String>
          </TextLine>

          
          
          <TextLine ID="line_23"
                    TAGREFS="LT4328"
                    BASELINE="379 2613 2236 2609" 
                    HPOS="377"
                    VPOS="2563"
                    WIDTH="1859"
                    HEIGHT="64">
            <Shape><Polygon POINTS="379 2613 379 2627 2234 2626 2236 2609 2234 2574 2210 2563 2208 2563 2206 2563 2205 2563 2170 2574 2078 2574 1847 2574 1841 2572 1790 2563 1788 2563 1786 2563 1785 2563 1772 2572 1768 2574 1555 2574 1537 2571 1473 2563 1471 2563 1390 2571 1361 2572 1346 2571 1308 2563 1306 2563 1304 2563 1287 2571 1276 2574 1267 2571 1256 2565 1254 2565 1252 2565 1251 2565 1232 2571 1214 2574 377 2567 379 2613"/></Shape>
	    <String CONTENT="Thompson marchait d’un bon pas, le buste plié en avant. Il ne se retournait"
                    HPOS="377"
                    VPOS="2563"
                    WIDTH="1859"
                    HEIGHT="64"
                    WC="0.9968218081875851"></String>
          </TextLine>

          
          
          <TextLine ID="line_24"
                    TAGREFS="LT4328"
                    BASELINE="310 2686 2228 2686" 
                    HPOS="310"
                    VPOS="2638"
                    WIDTH="1918"
                    HEIGHT="68">
            <Shape><Polygon POINTS="310 2686 310 2706 2228 2706 2228 2686 2228 2649 1658 2638 1656 2638 1530 2648 1482 2638 1480 2638 1478 2638 1445 2648 1386 2638 1385 2638 1383 2638 1381 2638 1364 2649 1153 2649 1106 2638 1104 2638 986 2648 871 2638 869 2638 867 2638 842 2648 798 2638 796 2638 748 2648 698 2638 697 2638 695 2638 693 2638 678 2648 634 2638 632 2638 631 2638 629 2638 612 2649 495 2649 454 2638 453 2638 451 2638 449 2638 429 2649 310 2649 310 2686"/></Shape>
	    <String CONTENT="pas. Autour de lui, la foule se clairsemait. Il atteignit le boulevard extérieur,"
                    HPOS="310"
                    VPOS="2638"
                    WIDTH="1918"
                    HEIGHT="68"
                    WC="0.9992540980257639"></String>
          </TextLine>

          
          
          <TextLine ID="line_25"
                    TAGREFS="LT4328"
                    BASELINE="310 2758 1794 2754" 
                    HPOS="308"
                    VPOS="2706"
                    WIDTH="1486"
                    HEIGHT="65">
            <Shape><Polygon POINTS="310 2758 310 2771 1792 2769 1794 2754 1790 2719 1619 2706 1618 2706 1616 2706 1614 2706 1599 2719 1548 2719 1518 2706 1517 2706 1515 2706 1513 2706 1511 2706 1495 2719 1441 2719 1427 2706 1425 2706 1423 2706 1421 2706 1419 2706 1381 2715 1352 2706 1350 2706 1348 2706 1346 2706 1344 2706 1330 2719 1269 2719 1205 2706 1203 2706 1135 2717 1100 2706 1098 2706 1097 2706 1042 2719 1008 2708 1007 2708 1005 2708 919 2719 787 2708 785 2708 783 2708 759 2721 651 2721 588 2708 587 2708 585 2708 550 2719 493 2708 491 2708 489 2708 487 2708 469 2721 412 2721 398 2708 396 2708 394 2708 332 2708 330 2708 328 2708 326 2708 308 2717 310 2758"/></Shape>
	    <String CONTENT="débouchant à une cinquantaine de mètres du bar Les Fleurs."
                    HPOS="308"
                    VPOS="2706"
                    WIDTH="1486"
                    HEIGHT="65"
                    WC="0.9809967162179165"></String>
          </TextLine>

          
          
          <TextLine ID="line_26"
                    TAGREFS="LT4328"
                    BASELINE="376 2835 2232 2835" 
                    HPOS="376"
                    VPOS="2789"
                    WIDTH="1856"
                    HEIGHT="59">
            <Shape><Polygon POINTS="376 2835 376 2848 2230 2848 2232 2835 2232 2800 2205 2789 2203 2789 2201 2789 2199 2789 2159 2798 1511 2789 1509 2789 1507 2789 1496 2794 1487 2800 1291 2800 1258 2793 1225 2789 1223 2789 1221 2789 1219 2789 1214 2793 1203 2800 737 2800 642 2789 625 2789 623 2789 621 2789 620 2789 603 2800 486 2800 376 2789 376 2835"/></Shape>
	    <String CONTENT="Nénesse était assis en terrasse devant une bière, le visage couvert de"
                    HPOS="376"
                    VPOS="2789"
                    WIDTH="1856"
                    HEIGHT="59"
                    WC="0.99451500830585"></String>
          </TextLine>

          
          
          <TextLine ID="line_27"
                    TAGREFS="LT4328"
                    BASELINE="310 2906 2230 2906" 
                    HPOS="310"
                    VPOS="2860"
                    WIDTH="1920"
                    HEIGHT="70">
            <Shape><Polygon POINTS="310 2906 310 2921 603 2921 620 2930 621 2930 623 2930 625 2930 919 2921 1168 2930 1170 2930 1878 2921 1977 2930 1979 2930 2230 2919 2230 2906 2230 2871 2203 2860 2201 2860 2199 2860 2197 2860 2153 2871 2082 2860 2080 2860 2078 2860 2032 2871 1891 2860 1889 2860 1827 2871 1799 2860 1797 2860 1796 2860 1726 2871 1621 2860 1619 2860 1618 2860 1616 2860 1596 2873 1502 2873 1438 2860 1436 2860 1379 2871 1320 2860 1319 2860 1106 2870 1078 2860 1076 2860 1075 2860 1020 2871 975 2860 974 2860 972 2860 911 2871 735 2860 733 2860 565 2871 519 2860 517 2860 515 2860 310 2871 310 2906"/></Shape>
	    <String CONTENT="minuscules gouttelettes de transpiration. Il se leva à l’approche de"
                    HPOS="310"
                    VPOS="2860"
                    WIDTH="1920"
                    HEIGHT="70"
                    WC="0.9937177542327107"></String>
          </TextLine>

          
        </TextBlock>
        

        
      </PrintSpace>
    </Page>
  </Layout>
</alto>
