2550 3301
376 298 790 65 Fuentès se dressa sur son séant.

379 381 503 70 — C' qui s' passe?

377 460 604 66 — Peter! Ils attaquent!

374 540 1853 68 Fuentès mit la main sur ses yeux et soupira. Julie se secoua de nouveau,

310 610 684 70 proche de la crise de nerfs.

376 689 565 70 — Où est votre fusil?

374 768 1854 66 Hartog avait considéré Thompson qui fonçait, puis la voiture embourbée.

310 841 1920 64 Il jura entre ses dents, se pencha à l’intérieur de la Fiat, empoigna

310 915 1920 60 l’Arminius et fourra dans la poche de sa veste de laine une boîte de

310 986 1471 62 cartouches 32 S & W. Il se précipita à la suite de son tueur.

370 1061 1860 66 Pendant que Thompson rechargeait sa carabine, Peter franchit trente

308 1137 1922 62 mètres en terrain découvert et atteignit le rebord du plateau. Il se précipita

313 1210 1917 60 vers la Tour Maure, distante d’une centaine de mètres, et se mit à crier à

311 1281 1380 68 pleins poumons. Les larmes jaillirent enfin de ses yeux.

370 1358 1866 66 Fuentès ouvrit un placard à la volée. Dans le coin du meuble se trouvait

310 1434 1922 62 son fusil, appuyé tout droit contre la cloison. Fuentès s’agenouilla et fouilla

311 1505 1917 68 fébrilement le désordre, au bas du placard. Il y avait des boîtes de conserve,

310 1577 1918 64 de vieilles revues de peinture et d’architecture, des boîtes en carton de toutes

310 1650 289 59 les formes.

376 1723 1752 65 — Où ai-je foutu mes cartouches, nom de Dieu! demanda l’architecte.

376 1815 1858 57 Thompson escaladait la pente raide à quatre pattes, secoué par la toux et

310 1879 1922 63 les nausées, sa carabine sous le bras, l’index bouchant le canon pour

308 1951 1922 75 empêcher que l’eau y pénètre. Hartog le rejoignit, le dépassa, dérapant dans

310 2020 443 66 l’herbe mouillée.

374 2103 1231 62 Peter se rapprochait en hurlant de la Tour Maure.

374 2184 1860 64 Fuentès trouva la boîte qu’il cherchait, l’ouvrit frénétiquement et son

308 2253 1920 70 contenu se répandit sur le sol. C’étaient des douilles à peu près cylindriques,

308 2329 1924 60 avec une base jaune, un corps de carton verdâtre à ramages, des cartouches à

306 2396 1924 66 chevrotines 4x60 C de chez Manufrance. L’homme empoigna son fusil et se

310 2473 1141 61 mit à le garnir. L’arme contenait quatre coups.

381 2550 1853 70 — C’est ça que vous appelez un fusil! cria Julie en sortant de la pièce et

308 2622 667 66 en courant vers la cuisine.

379 2703 1224 66 — C’est un fusil, observa Fuentès avec bon sens.

372 2780 1864 62 Peter courait vers le labyrinthe. Le côté droit de son visage était couvert

308 2851 1920 74 de sang. En l’apercevant par la fenêtre, Julie poussa un gémissement. Elle

311 2928 718 61 saisit un couteau à découper.
