2550 3301
1086 605 376 68 VINGT-DEUX

372 865 1858 66 Julie était abasourdie. Elle avait du brouillard dans la tête et dans les

310 940 1924 74 yeux. Lorsqu’une trouée se présentait dans la foule, elle la franchissait en

310 1026 1579 52 courant, remorquant Peter. Le garçonnet était stupide de terreur.

372 1092 1858 61 Par-dessus les têtes chapeautées, un espace vide s’ouvrit. Julie se

306 1164 1926 72 retourna. Dans la multitude, elle distingua Thompson qui se rapprochait à

310 1236 1924 71 grandes enjambées, haute silhouette maigre et sèche aux cheveux gris. En

310 1309 1920 62 terrain découvert, il abattrait la jeune fille comme à la foire. À cent mètres

310 1380 1920 63 de distance, Julie voyait luire les dents de l’homme dans son visage plissé.

308 1450 1920 66 Elle se précipita tout droit vers un Prisunic qui bordait la rue et franchit les

308 1527 411 66 portes de verre.

372 1606 1860 62 Elle courut entre les rayons. Le magasin occupait tout le rez-de-chaussée

308 1674 1922 64 d’un pâté de maisons. À l’autre bout de la vaste accumulation de

310 1753 1920 58 marchandises, d’autres portes de verre ouvraient sur une autre rue, sur une

310 1822 1920 59 esplanade noire de monde. Julie se rua de ce côté. Sortir avant que

317 1892 1801 64 Thompson entre. Se perdre dans la foule. Elle bousculait des ménagères.

370 1971 1860 66 La jeune fille n’était plus qu’à quelques mètres des portes de sortie. Coco

310 2044 1918 64 surgit alors derrière les battants de verre. Clignant des yeux, il regarda Julie

311 2119 1468 61 qui s’était arrêtée net. Il semblait hésitant, presque craintif.

372 2193 1701 77 Julie fit demi-tour, tordant le bras de Peter. L’enfant se mit à pleurer.

381 2275 1227 63 — Oh ! Tais-toi! Tais-toi! cria Julie. C’est fini!

372 2354 959 64 Elle se précipita contre une vendeuse.

374 2433 1266 73 — Mademoiselle, appelez la police, tout de suite!

376 2512 255 71 — Quoi ?

374 2594 855 74 — La police! Appelez la police!

374 2673 1860 70 — Mais qu’est-ce qui se passe? demanda la vendeuse en reculant d’un

310 2752 124 64 pas.

372 2827 1858 63 Elle toisa Julie, un sourire inquisiteur aux lèvres; Coco franchissait les

310 2901 1920 69 portes de verre, à vingt mètres de là. Il se précipita soudain en avant. Julie
