2550 3301
1098 607 347 66 VINGT-SEPT

374 869 1862 64 Julie roulait en permanence en seconde. Son bras droit n’était plus en

308 949 1919 63 mesure de manœuvrer le levier des vitesses. Il pendait le long de son corps,

313 1015 512 68 verni de sang séché.

374 1091 768 69 — Tu as mal? demanda Peter.

376 1175 671 68 — Non. Si. Je ne sais pas.

376 1254 1058 62 — Tu sais bien si tu as mal, quand même!

376 1333 1860 64 Julie secoua la tête. La route montait ferme, sinueuse. La jeune fille peinait

310 1406 1924 62 dans les virages à manœuvrer la direction. Son poignet gauche la faisait

311 1479 975 61 davantage souffrir que son bras blessé.

377 1558 1325 61 — Est-ce que la balle est ressortie? s’informa Peter.

374 1641 455 66 — Je ne sais pas.

379 1718 1697 62 — Si elle n’est pas ressortie, il faut l’extraire, observa le garçonnet.

376 1791 948 72 — Tais-toi, dit Julie. Non. Parle-moi.

374 1877 557 70 — On arrive bientôt ?

376 1956 1036 70 — Je ne sais pas. Je n’ai plus mes cartes.

374 2039 477 68 — On est perdus?

381 2112 1849 72 — Non. Je me rappelle la carte. Enfin, à peu près. Il faut aller à l’Ouest.

306 2185 1246 72 C’est pour ça que nous avons le soleil dans l’œil.

366 2268 1866 62 Le moteur eut un raté, crachota, s’arrêta abruptement. Un voyant rouge

310 2338 1924 64 s’alluma au tableau de bord. La 2 CV roulait sur son élan, brusquement

310 2409 1922 64 silencieuse, le vent sifflait contre le pare-brise. Julie lâcha le volant pour

308 2484 1922 61 tirer sur le démarreur et le moteur repartit, accrocha. Le levier de vitesse

310 2554 1926 64 vibra. Le moteur s’étouffa de nouveau. Le petit véhicule abordait un nouveau

306 2626 1926 64 raidillon. Julie le dirigea vers le bas-côté où il s’arrêta de guingois. La jeune

308 2699 1922 62 fille serra le frein à main, mit le levier de vitesse au point mort, tira sur le

308 2771 1922 62 démarreur. La 2 CV ahana longuement. Le moteur ne repartait pas. Julie

310 2840 1918 86 scruta le tableau de bord. L’aiguille de la jauge d’essence était descendue
