2550 3301
310 297 1922 64 sentit le cou de l’animal qui se cassait sous sa main. Le tueur éprouva une

308 370 1922 62 impression de bonheur. Aussitôt, il éventra la truite avec ses doigts. Elle ne

311 440 1923 71 gigotait plus. Il lui dévora les flancs. La chair était fade et dure comme un

308 511 1924 66 mollusque cru. Thompson déglutit fébrilement. Des arêtes lui égratignèrent la

311 588 1919 70 gorge mais il se força à continuer, à avaler le maximum de chair pendant que

313 658 879 62 la mort de la bête l’exaltait encore.

372 739 1860 64 Les nausées ne le reprirent qu’une vingtaine de minutes plus tard, la

306 810 1924 64 digestion avait déjà commencé. Tout ne fut donc pas perdu, du point de vue

306 883 1922 68 alimentaire. Thompson attendit que les spasmes fussent terminés, puis il se

306 957 1924 62 remit à l’affût au bord du ruisseau, guettant une autre truite. Et en attendant, il

306 1026 1922 65 réfléchissait. Il n’y avait pas que les truites. Il y avait les petits animaux.

315 1100 1915 62 Thompson n’y avait jamais pensé. Jamais de sa vie il n’avait chassé. Mais

308 1171 1928 61 attraper une bête, et la... casser, oui, il tenait peut-être là une solution

308 1243 1920 73 provisoire, un moyen de combattre son manque d’appétit, un moyen de

313 1320 762 60 survivre, un petit moment, oui.
