2550 3301
379 297 1857 64 — J’avais une vieille Jeep. C’est ce qui convient. Je l’ai foutue dans un

308 370 1922 64 ravin un soir d’ivrognerie. Il faudrait que je refasse des économies. Ça

310 445 328 61 m’emmerde.

376 524 1313 62 Il posa soigneusement la canette vide le long du mur.

376 601 765 70 — Venez voir mon four, dit-il.

372 680 1862 73 Ils longèrent le labyrinthe. Julie remarqua un escalier rigoureusement

308 755 1922 62 horizontal et un jardin inaccessible sur une tour circulaire et courtaude de

310 828 513 59 trois mètres de haut.

376 904 1854 71 — Vous pourriez rester ici des semaines, des mois, observa Fuentès

308 977 833 60 comme si l’idée lui faisait envie.

374 1059 1854 70 — Dans mon sac, la photo, lui rappela Julie. Tôt ou tard, ils

310 1133 889 60 comprendront, ils se pointeront ici.

377 1206 1255 72 — J’ai ce qu’il faut pour les recevoir, dit Fuentès.

374 1287 1856 64 Ils étaient arrivés près de son four. C’était une cloque de pierre et de

308 1360 1878 63 mortier contre le mur du labyrinthe. Il en sortait de la fumée par en dessous.

372 1437 1293 72 — Qu’est-ce que vous voulez dire? demanda Julie.

376 1516 405 73 — J’ai un fusil.

376 1599 1858 62 — Vous ne connaissez pas Thompson. C’est un homme qui fait peur. Un

311 1668 560 72 fusil ne l’arrêtera pas.

374 1749 392 66 Fuentès ricana.

374 1828 816 71 — Un fusil arrête n’importe qui.

374 1905 1858 79 — Vous ne comprenez pas. Il sera sur nous avant que vous le sachiez, et il

311 1989 288 57 nous tuera.

376 2061 1379 62 — Vous avez vu trop de films d’épouvante, dit Fuentès.

372 2143 1860 65 Il ouvrit une des deux portes du four. C’étaient des volets épais, en métal

308 2209 200 68 rouillé.

374 2290 1856 73 — Je les ai récupérés sur un blockhaus de Normandie. Voyez. Je mets le

310 2363 225 63 bois ici.

372 2444 1860 64 Fuentès remit des bûches dans les braises, au fond de l’ouverture. Julie

310 2519 1396 63 toucha la paroi de pierre du four. La pierre était chaude.

370 2596 1860 70 — Mes pots sont au-dessus. Je n’ouvre pas, ils sont en train de cuire. Ils

311 2671 969 59 sont moches. Je rate tout ce que je fais.

372 2747 833 64 Fuentès claqua le volet inférieur.

374 2826 1858 73 — Le bois, observa-t-il, ce n’est pas ça qui manque. Je n’ai qu’à

308 2899 605 66 descendre en contrebas.
