2550 3301
379 297 1851 64 Thompson attendit d’être installé dans l’avion. Puis il se pencha vers le

311 368 176 75 pilote.

374 451 1858 71 — Je ne sais pas si nous allons à Lyon, dit-il. Je voudrais me rapprocher

310 524 1317 64 au maximum de Boën, entre Roanne et Saint-Etienne.

370 601 1864 66 Le pilote se gratta la tête. C’était un brun aux yeux noirs, les cheveux en

310 674 884 68 brosse, l’air vivace et bien portant.

376 753 1854 64 — Il y a Villeneuve, à côté de Feurs, dit-il. C’est le plus près. Sinon, plus

311 827 1906 64 au sud, il y a l’aéroport de Saint-Etienne, qui se trouve à Andrézieux, en fait.

374 904 1854 71 — Tout cela ne me dit rien. Décollons toujours. Je vais regarder les

308 979 183 57 cartes.

370 1056 1862 64 Le pilote coiffa ses écouteurs, mit des lunettes de soleil à monture de

306 1129 1924 64 nylon, échangea des signes cabalistiques avec un mécano. Les moteurs

308 1203 1926 71 pétaradèrent. L’avion en avait deux. C’était un engin jaune et rouge, assez

311 1272 1919 74 gracieux, mais d’aspect criard, avec en bout d’aile des nacelles écarlates qui

308 1346 1922 60 étaient sans doute des réservoirs de carburant, un Cessna 421. Il y avait dans

310 1417 1920 72 le fuselage six places de passagers, des fauteuils confortables, pourvus

310 1490 1920 63 d’accoudoirs et de cendriers. L’herbe se coucha sous le vent des hélices. Le

310 1560 1920 66 bimoteur s’ébranla, manœuvra sur le terrain. Le pilote bavardait dans la

310 1633 1179 65 radio. L’avion fit son point fixe, freins bloqués.

377 1711 1855 71 — À Orly, confia le pilote à Thompson, c’est toujours la couille à cause

308 1786 548 60 du trafic commercial.

370 1863 1860 64 Il cacarda dans son micro. Les freins furent lâchés. L’avion courut sur le

310 1936 1918 70 béton, longuement, se balança, s’enleva. Thompson rejoignit les frères à

313 2009 1310 63 l’arrière. Son teint était verdâtre et ses yeux mi-clos.

377 2096 1083 51 — J’étais jamais monté en avion, dit Coco.

377 2169 1855 62 Thompson examinait ses cartes, pointait des localités avec un portemine

308 2241 1920 62 en or. Il s’absenta un moment, passa dans les toilettes et y vomit presque

310 2312 944 62 distraitement. Il s’habituait à son état.

372 2387 1625 64 Pendant ce temps, les frères s’extasiaient de voir la terre de haut.

372 2468 1860 68 Quand Thompson ressortit des toilettes, la bouche sèche, il alla crier aux

310 2539 473 72 oreilles du pilote:

376 2620 1854 64 — À Villeneuve, est-ce que je pourrai facilement trouver une voiture de

311 2701 222 66 louage?

374 2772 756 70 — Un taxi, vous voulez dire?

374 2849 1183 65 — Non. Une voiture de location sans chauffeur.
