2550 3301
1128 607 279 67 DIX-SEPT

370 867 1862 66 Marchant d’un bon pas à travers la nature, emplissant ses poumons d’air

308 949 1917 60 frais, mais torturé par des cramps, Thompson avait couvert malaisément Ies

310 1015 1922 63 six kilomètres qui le séparaient de Nemours. Il commença par aller chercher

310 1085 1920 64 sa Rover grise dans le garage où il l’avait parquée. Il rangea la voiture sur la

308 1157 1922 73 place de la ville, retira du coffre une petite valise et prit une chambre pour

310 1232 1920 62 une heure dans une auberge. À seize heures, rasé de près, vêtu d’une chemise

308 1300 1922 62 blanche à col roulé et d’un complet de sport feuille-morte, l’homme

311 1373 1919 64 s’installait au bar du Blason du Roy. Il avait le teint blafard. Les crampes ne

306 1445 1924 66 cessaient pas. Le front de Thompson était couvert de sueur froide. Il consulta

310 1516 1920 66 sa montre. A cette heure, ses victimes devaient être pendues. Il se représenta

308 1591 1922 61 la scène, les deux corps gigotant sans reprendre conscience au bout des

306 1661 1924 62 cordes, leur langue qui sortait, énorme, noire et obscène. Ses douleurs se

308 1745 1924 52 calmèrent un peu. Le barman se penchait vers Thompson d’un air inquiet. Le

308 1806 1920 62 tueur agita vaguement les mains, résistant à l’envie de briser les vertèbres

308 1876 1924 77 cervicales du loufiat. Il se fit servir un Campari qu’il noya dans l’eau

313 1956 1917 63 gazeuse. À la première gorgée, il fut pris de nausées effroyables. Il se

310 2020 1918 74 précipita dans les toilettes et y vomit une quantité surprenante de sucs acides.

311 2096 1044 60 Il retourna au bar. Le serveur le regardait.

372 2171 853 68 — Vous êtes souffrant, monsieur?

379 2255 1857 61 Thompson secoua la tête, les lèvres serrées. Le serveur n’insista pas et

311 2325 1923 68 vaqua à ses affaires mais, de temps en temps, il jetait au tueur immobile un

310 2398 1513 61 coup d’œil soucieux. Thompson ne touchait plus à son verre.

370 2475 1862 64 Coco entra dans le bar. À présent, songea Thompson, je vais me sentir

306 2550 1924 61 mieux. Il va me raconter comment ils sont morts et je n’aurai plus mal, je

306 2620 1924 73 mangerai. Il dévisagea le colosse blond et comprit tout de suite que quelque

308 2693 469 68 chose n’allait pas.

376 2771 610 69 — Venez vite, dit Coco.

381 2853 1847 64 Thompson descendit de son tabouret et posa une pièce de cinq francs sur

310 2925 1014 71 le comptoir. Il n’attendit pas sa monnaie.
