2550 3301
379 293 1771 73 — Vous avez besoin d’amour, dit très calmement Hartog. Comme Peter.

372 381 1862 70 L’ascenseur s’arrêta, le couple avança sur une moquette épaisse, dans un

305 445 1922 74 couloir sombre. Une porte était ouverte, d’où sortait une lumière grisâtre.

311 524 718 62 Peter regardait la télévision.

368 605 1864 68 L’héritier Hartog pouvait avoir six ou sept ans. Il était roux et tacheté

310 676 1920 61 comme son oncle, le corps gras et mou. Il était fasciné par la télévision, qui

308 746 1093 68 diffusait un reportage sur la famine en Asie.

374 827 1854 71 — Allez-y franco, dit Hartog. Il sait que vous êtes arrivée, que vous

308 898 530 62 remplacez Marcelle.

376 975 689 66 Julie pénétra dans la pièce.

377 1056 413 68 — Je suis Julie.

374 1133 884 71 Peter la toisa, puis revint à l’écran.

374 1214 669 73 — Couchez-le, dit Hartog.

376 1298 524 60 Julie avança encore.

377 1375 1859 64 — Allons, allons, fit-elle d’une voix mal placée, il est temps d’aller au

310 1446 159 65 dodo.

372 1523 1860 68 Peter était en pyjama d’éponge rouge. Julie lui prit la main. Il la retira

311 1599 683 62 brutalement. Julie la reprit.

374 1679 473 72 — Allons, allons !

374 1760 422 59 Peter se fit mou.

376 1839 513 70 — Debout, voyons!

372 1923 1864 57 Peter restait mou. Julie tira sur le bras qu’elle tenait, remorqua l’enfant

311 1991 1919 64 qui se laissait pendre. Au passage, de son autre main qui frôlait le sol, il

308 2063 647 60 ramassa un chien en bois.

372 2138 936 73 — Allons, Peter, dit Julie. Tiens-toi!

370 2219 1866 66 L'enfant se redressa. Son bras libre balaya un quadrant d’espace et abattit

310 2290 1920 66 le chien en bois sur l’arête du nez de Julie. Bruit sec. Les yeux de la jeune

310 2363 1920 65 fille s’emplirent de larmes. Elle lâcha le garçonnet, tituba. Elle se tenait le

308 2439 1381 60 nez à deux mains. Les larmes ruisselèrent sur ses joues.

374 2517 1858 65 Soudain affolé, Peter saisit Julie à bras-le-corps et se mit à lui embrasser

308 2587 1922 68 le flanc, bruyamment, précipitamment. Il lui prit la main et la baisa. Il ne

311 2664 287 61 disait rien.

374 2736 598 73 — Ça va bien, fit Julie.

372 2818 1864 66 Sa voix était nasillarde, ses narines pleines de sang. Elle considérait

310 2893 1918 65 Peter. Dans cette maison de tarés, elle s’étonnait qu’il n’eût pas les pieds
