2550 3301
374 293 1856 77 À ses pieds s’étendait une vallée peu marquée, pleine d’arbres. Presque

308 370 1922 64 aussitôt, le sol remontait, vertigineusement, formant une montagne plus haute

305 431 1928 75 encore que celle que les fugitifs venaient de franchir. À la hauteur des yeux

308 513 1926 64 de Julie, la forêt disparaissait des pentes sombres, et le sommet du mont

306 586 1928 76 jaillissait comme un crâne verdâtre. Et, silhouettée contre le couchant, et

308 658 1917 73 pour ainsi dire désignée par le soleil, une construction lointaine, basse,

310 733 1636 61 désordonnée, monstrueuse, poussait sur ce crâne, près du sommet.

374 808 1022 72 — Regarde le château! s’exclama Peter.

374 885 1236 72 — C’est la Tour Maure de Hartog, balbutia Julie.

376 968 1339 71 — C’est tout écrasé. Ce n’est pas une tour. C’est laid.

372 1047 855 60 — Non. Non. Viens. Descendons.

374 1129 1862 64 La route faisait des lacets pour descendre dans la vallée, dont elle suivait

308 1199 1926 66 ensuite l’axe, s’éloignant de la construction lointaine. Julie se remit en

308 1274 1922 62 marche, abandonna la chaussée lépreuse, piqua à travers champs, entre des

308 1346 1922 67 bouquets d’arbres. Sur la pente raide, entraînée par son propre poids, elle se

308 1417 1924 64 mit à courir. Ses talons frappaient le sol et le choc se répercutait dans son

310 1487 1542 66 bras blessé. Peter gambadait autour d’elle, sa fatigue envolée.

374 1567 1858 63 Le soleil disparut derrière la Tour Maure. Julie et Peter atteignirent le

311 1639 1917 62 fond de la vallée. Un torrent y dévalait. Julie regarda avec angoisse les

308 1711 1908 64 remous blancs qui tourbillonnaient dans l’ombre. Peter la tira par la manche.

379 1795 430 68 — Il y a un pont.

372 1868 1858 68 Il désignait, un peu en amont, un assemblage rudimentaire de branches, de

308 1942 1214 71 planches et de rondins. Julie le suivit de ce côté.

370 2022 1866 66 Le pont sommaire, pareil à l’œuvre de boy-scouts ivres, était posé en

308 2096 1928 62 équilibre précaire sur de gros rochers ronds. Les cordes qui l’avaient

310 2171 1920 68 naguère amarré à des arbres proches étaient rompues, pourries elles

311 2241 1923 62 s’émiettèrent presque sous les doigts de Julie. La chaussée de planches était

310 2314 1669 60 défoncée par places. Au-dessous, l’eau bouillonnait, noire et grise.

374 2389 1862 64 Il faisait déjà nuit dans la vallée. Julie s’engagea sur la passerelle et sentit

308 2461 1924 64 le torrent lui souffler au visage son haleine. La jeune fille se cramponnait à la

310 2536 1922 60 rambarde rudimentaire qui courait d’un côté des planches. Le pont vacilla

310 2605 1918 63 sous elle et elle vacilla avec lui. Elle avait l’impression de peser un poids

308 2677 1922 64 énorme. Les planches pliaient sous ses pieds, grinçaient. Julie s’immobilisa

310 2748 1920 65 au milieu de l’eau, elle regarda avec une horrible fascination un clou rouillé

308 2820 1926 64 qui sortait lentement du bois, tel un pénis. La planche se fendit, le clou tordu

311 2892 1917 77 gicla en l’air et fut précipité dans l’écume, le pied de Julie passa au travers
