2550 3301
1181 608 176 74 ONZE

372 872 1860 61 La maison était à peine une maison. C’était une espèce de chalet planté

308 942 1922 62 dans le sable, au fond d’une petite vallée, entre de grands pins. Les murs

308 1014 1922 64 extérieurs étaient composés de rondins vernis. À l’intérieur, toutefois, les

306 1085 1922 74 parois de l’unique pièce étaient lisses, couvertes de lattes ripolinées. Il y

310 1162 1924 59 avait un coin cuisine. Une cloison, qui commençait à dix centimètres du

308 1228 1926 74 plancher et s’arrêtait dix centimètres avant le plafond, délimitait dans un

308 1303 1922 61 autre coin une cabine exiguë où se trouvaient une douche et des latrines

308 1373 286 73 chimiques.

372 1450 1862 75 Les flancs de la vallée étaient couverts de bruyère et de rochers de grès, et

308 1522 1922 67 il y poussait une profusion de pins et de bouleaux. La pente était raide. À

310 1595 1821 64 moins de cent kilomètres de Paris, c’était un lieu retiré, difficile d’accès.

370 1676 1862 64 À son niveau le plus bas, la vallée faisait une cinquantaine de mètres de

308 1749 1922 68 large, sur deux cents de long. Au sud, elle s’achevait en cul-de-sac; au nord,

311 1822 1917 68 par une sorte de col, un goulet sablonneux plein d’affleurements de grès.

317 1894 1715 62 Thompson, assis sur le perron du chalet, regardait la sortie du goulet.

365 1975 1871 69 C’était un homme de cinquante ans à peu près, d’aspect britannique. Son

313 2048 1921 60 visage brun avait les proportions d’une saucisse à cocktail. Ses cheveux

311 2119 1921 61 semblaient des bouts de chaume maladroitement collés sur son crâne, de

308 2189 1924 64 même sa moustache petite et ébouriffée. L’œil était bleu. Thompson avait sur

308 2263 1922 62 les genoux une carabine Sauer avec une culasse Weatherby à neuf tenons. Il

306 2332 1924 66 était vêtu d’un complet de sport tabac et d’une chemise beige à col roulé. Il

310 2409 1139 59 écoutait le bruit de moteur qui se rapprochait.

370 2481 1860 73 La R 16 surgit dans le goulet, patina fugitivement dans le sable, puis

308 2556 1924 60 accéléra sur le sol de la vallée, couvert d’aiguilles de pins. Elle stoppa

308 2627 1926 65 devant le chalet, au milieu d’un bouquet d’arbres. Les portières s’ouvrirent

308 2701 750 62 et les occupants descendirent.

372 2778 499 71 — Où est Fuentès?

374 2857 510 71 — Qui est Fuentès?
