2550 3301
1065 607 413 73 TRENTE-CINQ

372 867 1858 66 Le jour baissait. Dédé posa Play-Boy et passa dans la cuisine de la villa.

310 942 1926 62 Hartog ne faisait pas mine de vouloir sortir. Le chauffeur allait de nouveau

308 1014 1920 62 devoir se coltiner le dîner. Il ouvrit en maugréant les placards blancs, le

310 1085 1924 72 gigantesque réfrigérateur. Les réserves baissaient. Cela faisait plus de dix

308 1160 1924 74 jours que Hartog ne bougeait guère de son transat que pour manger sur un

310 1230 1722 64 coin de table les œufs ou la grillade que Dédé lui concoctait sans art.

368 1307 1868 66 Cette fois-ci, Dédé choisit une boîte de cassoulet en conserve. Il ouvrit un

308 1379 1926 66 tiroir et chercha l’ouvre-boîtes. À ce moment, il entendit des éclats de voix

308 1450 1922 64 de l’autre côté du mur. La maison était solidement construite, insonore, Dédé

308 1525 1924 70 ne distingua rien des paroles qui s’échangeaient. Mais ce ne pouvait pas être

308 1591 1928 68 la télé — l’appareil fixe était installé à l’autre bout de la villa, et le portatif

310 1672 370 59 était en panne.

372 1745 1858 70 Le chauffeur décrocha le téléphone intérieur et appela le salon d’un coup

308 1819 1570 66 de pouce. À l’autre bout du fil, on ne répondit pas tout de suite.

379 1898 1442 71 — Qu’est-ce que c’est? demanda enfin la voix de Hartog.

372 1980 1392 62 — J’ai entendu des voix, Monsieur. Je me demandais...

372 2055 1864 70 Dédé hésita. À l’autre bout, Hartog hésitait aussi. Le chauffeur entendit

310 2132 875 64 siffler la respiration de son patron.

374 2209 1862 72 — Je suis avec quelqu’un, dit Hartog. Conversation d’affaires. Il est venu

308 2283 1920 75 par la plage. Je ne veux pas être dérangé. Discrétion, mon petit André,

308 2352 282 63 discrétion.

376 2437 489 60 — Bien, Monsieur.

374 2516 1862 62 — Une seconde... André, vous allez faire un saut en ville et acheter un

308 2587 1920 73 poulet ou un lapin. Vivant, je vous prie. Appelez-moi sur l’interphone dès

313 2670 318 49 votre retour.

377 2739 488 70 — Bien, Monsieur.

376 2818 810 72 — Ce sera tout. Dépêchez-vous.

377 2899 483 70 — Bien, Monsieur.
