2550 3301
372 295 1712 66 Julie poussa une exclamation inarticulée. Fuentès haussa les épaules.

377 379 1382 68 — Je ne vous ai pas tuée. Je vous aurais plutôt soignée.

369 445 1858 83 Sa voix était posée. Il énumérait. C’est tout juste s’il ne comptait pas sur

311 529 437 70 ses doigts courts.

374 610 1856 70 — Le méchant de l’affaire, ce n’est pas moi. Ce n’est pas vous non plus,

308 682 1924 73 d’après ce que dit Peter. Mais je n’ai pas compris grand-chose à son

308 761 1922 56 histoire. Vous savez comment sont les mômes. Il m’a raconté des choses à

310 830 1920 59 dormir debout. Des gangsters, un incendie... Racontez-moi, vous. Je vous

308 900 436 70 croirai peut-être.

372 973 1860 66 Julie raconta. Un grand soleil entrait par l’embrasure. De la poussière

308 1047 1926 64 dansait dans la lumière. Fuentès tirait sur sa cigarette, dont le papier brûlait

310 1118 1918 66 irrégulièrement. À mesure que Julie racontait, l’homme semblait s’assombrir.

377 1201 1853 73 — Votre histoire, fit-il enfin, rien n’y manque. Et le Golgotha en prime,

308 1274 1922 70 pour finir. L’ascension vers le château. Vous avez dû avoir un choc en me

313 1357 191 58 voyant.

370 1419 1449 70 Julie hocha la tête. Elle se sentait neutralisée à l’intérieur.

379 1505 1857 64 — Ici, dit Fuentès, c’est chez moi. Cela n’a jamais appartenu à Hartog, et

311 1578 556 61 il ne l’a pas construit.

376 1652 640 70 — Il m’a dit le contraire.

374 1734 798 63 — Oui. Le chien. Le sale chien.

381 1813 686 68 — Taisez-vous! cria Julie.

374 1894 1117 64 Fuentès fit la moue. Il avait l’air très fatigué.

379 1973 1849 71 — C’est mon tour de raconter, dit-il. Il était une fois deux jeunes

310 2037 1460 73 hommes... Écoutez. Il était une fois deux jeunes hommes...
