2550 3301
383 298 1847 72 — Ben, vous comprenez, une fille en short, forcément. Vous venez de

311 375 780 57 Londres? Vous êtes étudiante?

374 449 1486 73 — À Oxford, affirma Julie, j’étudie la science économique.

374 529 1854 61 — Voyez comme ça se trouve! s’exclama l’homme avec enthousiasme.

311 605 1919 58 Moi, je suis vendeur. Je pourrais vous en raconter sur la science

310 671 1388 73 économique! Vous n’allez pas plus loin que Pithiviers?

372 753 1807 66 Julie s’étira dans son siège. Elle faisait jouer les muscles de ses cuisses.

376 832 761 72 — Vous allez plus loin, vous ?

370 913 1855 66 — Je m’arrête cinq minutes, le temps de voir un client, puis je continue.

319 984 469 63 Vous allez sur où?

370 1063 695 70 — Je descends vers le sud.

372 1138 1856 79 — C’est parfait, ça. Moi, je vais sur Sully, et ensuite Bourges, ça vous

311 1221 292 60 avancerait.

372 1292 1862 66 Julie regarda l’homme. Il portait un complet bleu à fines rayures. Son

313 1371 1917 59 visage était carré et rougeaud, ses cheveux bruns bouclaient sur son front. Il

311 1441 1917 62 avait de petits veux derrière des lunettes rectangulaires, et de grosses lèvres.

310 1507 370 75 Il était porcin.

374 1591 1047 63 — Vous êtes un aimable homme, dit Julie.

372 1668 1858 65 De la main droite, elle donna une petite tape affectueuse sur l’épaule de

310 1742 1920 73 l’automobiliste, puis elle appuya sa main à plat contre la poitrine de

310 1815 1920 62 l’homme et fit crisser ses ongles contre le drap du veston. L’automobiliste

310 1890 1918 59 devint rouge comme une betterave. Un sourire idiot germa sur ses lèvres.

308 1964 1922 58 Julie retira sa main. L’homme, rouge et suant, continua à conduire en jetant à

310 2028 1922 66 la jeune femme de fréquents regards de biais. Il se demandait si c’était du

311 2103 1917 64 lard ou du cochon. La transpiration s’accumulait comme de la bave dans ses

310 2174 458 61 boucles luisantes.

374 2253 1337 70 — Ne pourrions-nous arrêter un peu? demanda Julie.

372 2330 1251 72 — Arrêter? S’arrêter? Oui, bien sûr! Pourquoi?

377 2415 971 60 — Là! cria Julie. Un chemin de terre!

372 2488 1858 70 Elle le désignait du doigt. La 204 freina brusquement, braqua, s’engouffra

311 2567 894 60 dans le chemin de terre en cahotant.

374 2649 379 63 — Arrêtez ici.

368 2723 1862 68 La voiture stoppa. Le conducteur tira sur son frein à main. Il jeta un coup

308 2793 1922 111 d'œil furtif à Peter qui dormait sur la banquette arrière. Julie ouvrit la

308 2868 229 71 portière.
