2550 3301
372 297 1864 62 Il passa derrière une sorte de bureau, ouvrit vivement un tiroir et, au

308 370 1924 64 moment d’y prendre l’Arminius pour abattre Thompson, il reçut un cendrier

305 437 1922 71 de cristal au creux de l’estomac, comme un coup de pied de mule. Hartog se

306 513 1924 72 plia en deux et tomba. Il s’accrocha au tiroir qui se renversa. L’Arminius se

310 586 1920 63 trouva sur la moquette, à trente centimètres de sa main. Recroquevillé par la

310 662 1920 58 douleur, le rousseau roula sur lui-même pour saisir le petit revolver, mais

315 731 1919 63 Thompson donna un coup de pied dans l’arme et l’envoya glisser le long du

310 805 869 60 mur, à trois ou quatre mètres de là.

379 882 1849 69 — Soyez raisonnable, Hartog, dit le tueur qui ne semblait absolument pas

310 957 264 60 en colère.

370 1030 1860 66 Il se pencha sur le rousseau, l’aida à s’asseoir et à se décrisper, lui massa

311 1107 1916 63 l’estomac d’une main experte. La douleur cessait d’être insupportable.

310 1181 401 69 Hartog soupira.

376 1258 1148 69 — Vous avez gardé vos réflexes, observa-t-il.

374 1336 1433 70 — Vous voyez que l’on peut compter sur moi, dit le tueur.

374 1417 1708 64 Hartog se leva doucement, il regardait le sol, son sourire était égaré.

374 1498 1860 62 — Soit, murmura-t-il. Mais je vais avec vous. Il y a un homme, là-haut, un

308 1567 937 68 homme... Ah! ne m’interrompez pas.

379 1652 780 70 Thompson s’appuya au bureau.

374 1723 1858 72 — L’ordure, murmura Hartog. Je sais ce qu’il a dit à la fille. Je sais ce

310 1799 1920 64 qu’il croit. Je suis un assassin, hein? Je fais tuer les petits enfants. Pour

311 1872 1921 71 l’argent, rien que pour l’argent. Ce n’est pas vrai, Thompson. Je crée de la

313 1942 712 62 beauté. Je vous l’ai déjà dit.

374 2033 574 55 Le rousseau frissonna.

374 2099 1856 64 — Il est là-haut avec la fille et le môme, et ils ne vont pas à la police pour

310 2174 1920 65 me dénoncer parce qu’ils m’attendent. Ils veulent ma peau, Thompson. Je le

311 2253 131 54 sais.

376 2325 471 70 — Vous le savez?

374 2402 528 66 Hartog hocha la tête.

374 2484 1702 66 — Il faudra les tuer tous les trois, dit-il. Le môme, la fille, l’homme.

376 2572 1425 66 — Ça fera vingt mille francs de plus, observa Thompson.

374 2644 926 73 — Oui, oui, dit Hartog. Je veux bien.
