2550 3301
308 304 1926 62 étaient emportées à bras d’homme, hurlantes et gigotantes. Le trottoir était

308 368 1922 75 jonché de marchandises et de chaussures. Julie et Peter plongèrent dans la

311 441 1151 65 foule où des bras charitables les accueillirent.

374 518 860 76 — Vous êtes blessée? Et le petit!

374 603 807 66 — Ça va, ce n’est rien, merci...

370 680 1860 66 Julie se dégageait, plongeant plus profondément dans le tourbillon humain.

308 753 1922 66 Heureusement, de nouvelles victimes déboulèrent, pleurant leur permanente

308 827 1926 71 roussie. La jeune fille cessa aussitôt d’avoir la vedette. Dissimulant tant bien

308 898 1920 64 que mal son bras sanglant, elle se faufila plus loin. La sirène des pompiers

310 970 599 64 retentit dans le lointain.

372 1048 989 72 — Faites place! Dégagez la chaussée!

370 1127 688 72 — C’est des incendiaires!

376 1204 1854 72 — C’est des Maoïstes! Ils ont tiré des coups de mitrailleuse sur le

310 1287 787 55 boulevard, contre les voitures!

372 1358 1862 66 Sirènes en marche, les véhicules rouges croisèrent Julie qui se dégageait

308 1432 1157 71 de la foule. Déjà, les sapeurs sautaient à terre.

368 1509 1866 66 La jeune fille et l’enfant suivirent la rue sur une cinquantaine de mètres et

308 1582 1922 62 débouchèrent de nouveau sur l’espèce de boulevard de ceinture. Julie se

308 1656 1926 64 retourna, titubant légèrement, ôta son imperméable qu’elle replia sur son

310 1725 1051 72 bras sanglant. Elle reprit la main de Peter.

370 1806 1866 71 Par-dessus les têtes, elle voyait une épaisse fumée blanche s’échapper du

308 1879 1922 64 magasin, entourer la base de l’immeuble. Aux étages supérieurs, les fenêtres

310 1954 1918 63 étaient ouvertes; on voyait des têtes, des bouches ouvertes, des bras qui

311 2030 288 66 s’agitaient.

370 2099 1860 64 À l’intersection du boulevard extérieur et de la rue du Prisunic, les

310 2174 1920 70 voitures ralentissaient, les automobilistes se penchaient pour voir

311 2250 1919 58 l’événement. Deux pompiers arrivèrent en courant, tournant le dos à

311 2318 1413 62 l’incendie, et entreprirent de faire circuler les véhicules.

370 2396 1864 66 D’autres voitures déjà s’étaient arrêtées en vrac. Les conducteurs, debout

310 2472 1920 60 à côté de leur engin, regardaient, ou bien couraient vers le sinistre. Julie

308 2541 1926 66 ouvrit la portière d’une 2 CV dont le moteur tournait. Personne ne fit

310 2615 399 62 attention à elle.

374 2692 664 71 — Monte, dit-elle à Peter.

372 2771 394 71 — Là-dedans?

374 2853 418 70 — Allez, monte.
