2550 3301
1062 608 420 66 TRENTE-NEUF

374 869 1864 71 Hartog avançait en titubant à travers le labyrinthe. Son épaule était

308 940 1922 64 engourdie. Sa tête aussi perdait toute sensibilité. La fièvre faisait battre les

308 1015 1920 63 tempes du rousseau. Au reste, il était presque content. Le paysage lui

308 1087 1919 72 plaisait. Il traversa une salle aux meubles immenses, emprunta un passage

310 1159 1918 64 humide et sombre, et probablement souterrain, puis escalada des marches qui

310 1230 1924 64 le ramenèrent à l’air libre au milieu d’une profusion de plantes, sur un jardin

311 1303 1919 68 surélevé. De ce point de vue pratique, il observa le dédale de toits, de

308 1373 1922 64 terrasses et de courettes qui composait la Tour Maure. Il éprouvait de l’envie

308 1445 1922 73 pour Fuentès, et cela lui rappela qu’il lui fallait tuer. L’Arminius était dans sa

308 1518 1919 70 main gauche. Hartog s’accroupit entre les fleurs et guetta. Non loin de lui,

308 1589 1533 63 derrière les murs, on tirait. Il compta quatre coups. Il attendit.
