2550 3301
390 295 1842 64 — Lâchez votre pétoire, commanda Thompson. Dites-moi où sont la fille

308 372 293 69 et le gosse.

374 456 1860 59 Fuentès secoua la tête. Thompson, sans viser, de la hanche, lui expédia

310 524 1924 62 une balle dans le coude droit. L’articulation éclata. Fuentès poussa un

310 594 1443 66 hurlement. Son fusil tomba près de lui dans la terre molle.

376 673 966 71 — Ne faites pas le con, dit Thompson.

372 753 1860 64 Avec le pouce gauche, Fuentès pressa la détente du fusil. Les chevrotines

306 828 1930 70 partirent au ras du sol, soulevèrent une gerbe de terre et de gravier et

308 898 1924 62 arrachèrent le pied de Thompson. Le tueur faillit lâcher sa carabine, la

306 970 1924 62 rattrapa d’une main. De l’autre, il se retenait au chambranle de la porte. Par

306 1039 1924 68 miracle, il ne tomba pas. Éberlué et vacillant, il considéra avec incrédulité

308 1113 1920 68 son pied complètement écrasé et lacéré. Les os et la chair étaient en bouillie,

310 1188 1706 62 et il en manquait beaucoup, et le sang jaillissait comme d’un robinet.

390 1267 1840 58 — Je ne vous aurais pas fait de mal, affirma Thompson d’un ton triste.

306 1335 1924 64 C’est seulement le gosse, et puis la fille. Celle-là, il faut que je la tue. Vous

308 1413 688 66 ne pouvez pas comprendre.

368 1487 1864 66 Convulsé de douleur, Fuentès essayait de manœuvrer de la main gauche la

306 1560 1926 64 culasse de son fusil. Thompson s’appuya de l’épaule au chambranle et tira

308 1632 1924 71 une troisième balle, qui passa à travers l’estomac du blessé. Julie apparut à

306 1705 1922 62 ce moment derrière le tueur et lui enfonça son couteau à découper dans le

310 1780 130 63 rein.
