2550 3301
310 298 1922 63 chacune d’elles, puis se dirigea vers un gros rocher rond tout contre lequel

310 366 1924 66 s’élevait un bouleau. L’endroit avait été repéré à l’avance. Bibi savait

302 434 1925 74 exactement ce qu’il devait faire. Il escalada le rocher, se pencha, et fixa les

306 513 1924 68 cordes à une fourche du bouleau. Les deux nœuds coulants pendirent le long

310 588 1920 63 du tronc, à environ deux mètres au-dessus du sol. Le jeune homme essuya la

310 656 1920 66 sueur qui lui dégoulinait dans les yeux. Il descendit du rocher et rejoignit la

310 729 1920 65 voiture. Il jeta un regard circulaire. Entre les troncs serrés, et enrubannés de

308 801 1223 71 plantes parasites, il ne distinguait plus les frères.

374 883 1858 63 — Ohé! cria Bibi aux arbres. Aidez-moi au moins à monter la fille sur le

310 957 212 60 rocher!

372 1030 1858 72 — Des clous! répondit la voix de Nénesse, paisible, à une trentaine de

310 1107 207 61 mètres.

376 1184 910 64 — Salauds, fit Bibi sans conviction.

368 1261 1864 66 Il se pencha et prit maladroitement Julie à bras-le-corps. La jeune fille

306 1335 1926 64 était lourde et molle. Il la fit tressauter pour assurer sa prise sur elle et la

308 1408 1926 64 transporta jusqu’au rocher rond. Il l’accota contre le grès, puis la prit aux

308 1479 1922 65 hanches pour la hisser devant lui. C’était coton, mais il y arriva. Le rocher

308 1560 1706 62 était en pente douce. Le site était plutôt pratique pour une pendaison.

372 1630 1864 66 Bibi acheva de hisser Julie, se hissa lui-même. Passer la boucle autour du

308 1705 1924 64 cou de la jeune fille. La pousser dans le vide, la laisser se balancer. Elle ne

308 1775 1922 73 reprendrait pas pied sur le rocher. C’était facile. Ne pas oublier de jeter par

308 1846 1689 66 terre le bout de lettre griffonné qui disait, J’ai Marre. Je Peux plus.

374 1927 1858 62 Bibi se pencha pour soulever de nouveau Julie. Elle lui soufflait dans le

308 2002 1922 66 cou une petite respiration courte et tiède. Le jeune homme avait des

310 2074 1922 60 contractions nerveuses dans les muscles des jambes. Le corps de sa victime

310 2145 1918 63 frottait contre le sien. Il poussa un gloussement nerveux en sentant qu’il lui

313 2230 496 47 venait une érection.

372 2292 1862 68 Sur ces entrefaites, Julie bougea la main droite. Elle tâtonna brièvement

308 2365 1924 66 contre la poitrine de Bibi. Elle saisit le MAB dans la poche intérieure du

308 2442 1203 63 caban et tira une balle à travers le jeune homme.
