2550 3301
1065 605 409 68 TRENTE-SEPT

372 865 1856 68 Elle se dressa sur son séant. Un bruit l’avait réveillée, mais c’était peut-

308 949 457 60 être un bruit rêvé.

368 1015 1860 72 Elle vit une lumière blanche derrière les rideaux. Sa montre indiquait cinq

310 1092 1920 63 heures trente. L’aube. Julie n’avait aucune envie de se lever à l’aube. Elle

308 1166 1928 68 posa de nouveau sa tête brune sur l’oreiller sans taie. De nouveau un bruit

310 1237 1926 63 menu dans le couloir, comme le bruit d’une grosse souris. Julie quitta son lit

308 1305 1924 66 et enfila son short. Elle franchit le seuil de sa chambre. Dans la pénombre

310 1380 1924 65 bleue du couloir, Peter, son arc sous le bras, ramassait les flèches qu’il avait

313 1452 299 64 fait tomber.

374 1533 765 67 — Veux-tu aller te recoucher!

374 1615 468 59 — Plus sommeil!

376 1694 1014 70 — Il est beaucoup trop tôt pour se lever.

377 1773 1851 64 — C’est le dernier jour, observa l’enfant. On va rentrer et où est-ce que je

310 1841 385 73 tirerai à l’arc?

372 1921 1102 65 Julie se démêla les cheveux avec les doigts.

376 2006 1469 60 — Oh ! zut, soupira-t-elle. Je vais faire du café, après tout.

374 2081 1853 73 — Pendant ce temps-là, cria Peter en s’élançant dans le couloir, je vais

311 2156 1279 63 tirer à l’arc! Je reviendrai quand le café sera prêt!

374 2233 264 64 Il courait.

381 2314 255 68 — Peter!

374 2395 290 73 Il disparut.

379 2470 663 75 — Ah! la barbe, dit Julie.

370 2552 1860 64 Elle rentra dans sa chambre et s’assit sur son lit, mais elle n’avait plus

308 2626 1924 64 envie de se recoucher. Elle ouvrit les rideaux. Le ciel était couleur de lait, la

311 2697 1917 70 végétation trempée de rosée. Julie se dit que Peter allait attraper la crève.

310 2769 1926 66 Ah! la barbe. La jeune fille ressortit de la chambre, longea le couloir, sortit

310 2842 1920 64 sur une terrasse intérieure au milieu de laquelle coulait un ruisseau. Elle se

311 2919 1921 62 brossa les dents, se débarbouilla, puis passa dans une cuisine hexagonale où
