2550 3301
315 298 1915 63 Thompson, posa des pièces de monnaie sur la table ronde. Arrêtée sur le

310 372 1922 62 trottoir devant le café, une Ford Capri ronronnait, vide, moteur en marche. Le

305 431 1922 75 tumulte qui avait éclaté dans le centre de la ville avait facilité les choses

308 513 1922 72 pour Nénesse. Il n’avait pas eu de mal à ranger discrètement la Simca, à

313 586 1459 63 s’emparer d’un autre véhicule. La ville était prise de folie.

374 674 921 54 — Où est Coco? demanda Nénesse.

377 742 1851 66 Thompson secoua la tête. Ses lèvres étaient blanchies de bave séchée. Les

311 817 1184 72 yeux de Nénesse se rétrécirent dangereusement.

374 898 675 70 — Vous avez foutu le feu?

370 973 1857 75 — La petite salope, haleta Thompson. Incendié le monoprix. L’ai touchée,

310 1056 357 60 pourtant. Ha!

372 1129 908 70 Sa main se crispait sur son estomac.

376 1206 792 72 — Mais Coco! fit le chauffeur.

372 1285 1853 72 — L’autre côté. L’ai vu brûler. Des flics. Des pompiers. Foute le camp.

310 1358 484 72 Faut foute le camp.

376 1437 1860 66 Thompson se détourna, ouvrit la portière de droite de la Capri. Tout son

308 1509 1922 66 dos tressaillait. Les poils de sa nuque étaient hérissés. Le sang battait dans

311 1580 1919 66 ses oreilles écarlates. Nénesse l’empoigna par l’épaule, le fit pivoter

310 1656 640 60 brutalement, et le secoua.

372 1734 1728 65 — Tu veux te tailler, Thompson, en laissant mon frère derrière nous?

376 1815 1858 62 — Où est ma carabine? demanda Thompson d’une voix de zombie. Tu

308 1885 746 68 n’as pas oublié ma carabine?

372 1965 1860 66 Il se débattait distraitement sous la poigne de Nénesse, scrutant l’intérieur

308 2039 1920 62 de la Ford. Il vit la mallette sur la banquette arrière et soupira de

313 2114 1538 62 soulagement. Nénesse le secouait de plus en plus violemment.

379 2187 652 70 — Tu veux laisser Coco!

374 2275 1854 66 Une Estafette de la gendarmerie passa en ululant sur le boulevard.

315 2343 1143 72 Thompson rentra les épaules, plissa le visage.

370 2418 1068 72 — Faut foute le camp! Écarte-toi de moi!

372 2505 792 58 — Ah mais non! cria Nénesse.

370 2580 1860 62 De toutes ses forces, Thompson lui donna un coup de pied dans

310 2651 1922 64 l’entrejambe. Nénesse recula en grognant et heurta la balustrade de la

308 2723 1926 64 terrasse. Plié en deux par la douleur, il fourra la main à l’intérieur de son

310 2796 1924 63 veston bon marché. Thompson lui flanqua une manchette des deux côtés du

308 2868 1924 66 cou. Nénesse grogna de nouveau et s’assit au pied de la balustrade. Les yeux
