2550 3301
308 295 1922 66 elle mit une cafetière sur le réchaud à butane. Les deux fenêtres de la cuisine

308 377 1924 61 avaient des vitres qui se colorèrent en jaune comme le café commençait à

310 449 196 64 passer.

370 520 1862 66 Quand le café eut entièrement passé, Julie ouvrit une des fenêtres de la

308 596 1926 62 cuisine et chercha Peter du regard pour l’appeler, mais elle ne put

310 665 1917 68 l’apercevoir sur le plateau. L'enfant en avait franchi le rebord. En contrebas,

308 739 1926 71 dans une combe boisée, passait une piste argileuse. La Fiat y était

308 810 1922 64 embourbée, que Thompson et Hartog essayaient vainement de dégager. Les

308 885 1922 61 deux hommes étaient de fort mauvaise humeur. Ils étaient en retard sur leur

308 953 1922 64 horaire. Durant les deux dernières heures, ils s’étaient fourvoyés dans

308 1028 1926 72 plusieurs pistes sommaires, à peine carrossables, qui jamais ne les avaient

310 1098 585 68 menés où ils voulaient.

370 1173 1860 66 À travers les branches des sapins, Peter distinguait mal le véhicule et les

310 1248 1926 70 deux hommes. Convaincu qu’il s’agissait d’une diligence en difficulté, il prit

310 1320 1920 71 garde de s’en approcher sans bruit, en se dissimulant, prêt à décocher une

311 1390 639 66 flèche aux Visages Pâles.

370 1470 1862 66 Julie se versa un bol de café, y trempa les lèvres et se brûla. Elle reposa

311 1545 1921 63 le récipient et quitta la cuisine. Elle faillit se perdre dans le labyrinthe de

308 1615 1919 70 corridors et de pièces. Elle franchit le seuil de la chambre de Fuentès.

308 1692 1922 61 L’architecte raté gisait sur le dos sur son lit, en short kaki. Une bonne moitié

308 1760 1924 64 de sa chambre était occupée par des bouteilles à bière vides. Il avait de la

310 1832 1918 66 bière séchée sur la poitrine. Les poils de son thorax en étaient gluants. Il

308 1903 1920 64 ronflait. Julie le contempla avec commisération et regret. Elle déplorait qu’il

308 1976 1922 65 ne fût pas un beau jeune homme et qu’il n’eût pas tenté de la posséder. Elle

311 2050 1917 62 se serait débattue, elle l’aurait griffé au visage, et de toute façon les hommes

308 2119 1530 66 ne lui faisaient aucun effet, mais tout de même, elle déplorait.

374 2196 1814 67 Elle était en train de déplorer quand elle entendit le premier coup de feu.

372 2286 1858 57 — Au diable! avait dit Thompson. Au diable la voiture. Nous ne sommes

308 2352 1919 66 qu’à quelques kilomètres, au grand maximum, de cette espèce de labyrinthe.

310 2426 277 62 Marchons.

372 2501 1862 64 — Il faudra nous en aller assez vite, quand la chose sera faite, avait

310 2574 1155 63 répliqué Hartog. Nous avons besoin de l’auto.

370 2653 1866 64 Avec une grande énergie, nerveusement, il brisait des branches de sapin et

311 2728 1921 63 les glissait sous les roues de la Fiat. Thompson haussa les épaules, sortit de

310 2800 1924 64 la voiture son sac de marin en toile, en tira la mallette qui contenait son

308 2871 1922 63 arme. Il l’ouvrit sur la banquette arrière et assembla soigneusement la
