2550 3301
376 295 1854 71 — Un sédatif, dit Thompson. Mes hommes et moi, nous avons certaines

308 370 1922 62 choses à discuter hors de votre présence, et je ne peux pas vous laisser seule

308 454 1922 52 dans la maison, en pleine possession de vos moyens, même si nous ne nous

308 517 1920 60 éloignons que de quelques mètres. Mais n’ayez crainte. Vous allez être très

311 590 806 59 ensommeillée mais ce sera tout.

376 667 1396 62 Il se releva. Ses lèvres étaient noircies par les granulés.

376 746 1814 62 — Pendant que vous êtes encore gaillarde, vous allez écrire un petit mot.

372 825 1855 69 Julie devenait molle. Il faudra lui demander ce que c’est, son médicament,

310 898 1917 64 songea-t-elle paresseusement. C’est fou ce que ça vous détend! Elle bâilla.

313 970 1914 71 Ses doigts la chatouillaient. Thompson posa devant elle une feuille blanche,

310 1041 935 64 lui mit le crayon à bille dans la main.

374 1118 1322 74 — Vite, mademoiselle, écrivez, au milieu de la page.

376 1201 429 64 Il guida sa main.

383 1280 906 67 — Écrivez, je vous avais prévenu...

376 1358 1785 68 Julie écrivit. Du coin de l’œil, elle vit que Peter était affalé sur la table.

379 1439 1092 70 — Peter! Qu’est-ce que vous lui avez fait?

377 1522 1119 69 — Il dort. Rayez ce que vous venez d’écrire.

376 1599 1031 69 — Quoi ? Pourquoi? Rayer? Pourquoi?

376 1678 1675 73 — Vite! Rayez! Écrivez en dessous, j’en ai marre, j’en peux plus.

374 1756 983 63 Julie écrivit. J’ai Marre. Je Peux plus.

376 1839 229 68 — Bien.

372 1914 1855 68 La voix de Thompson était lointaine. Julie avait de l’eau dans les oreilles.

311 1991 1901 64 Elle se cramponna à la table et regarda un filet de salive tomber sur sa main.

381 2072 1158 68 — C’est de la bave d’escargot, observa-t-elle.

372 2149 932 62 On la soulevait. On la portait dehors.

374 2231 286 66 — Peter...

372 2307 923 69 — Restez tranquille. Détendez-vous.

374 2391 409 68 — Oui docteur.

368 2464 1864 66 Les quatre hommes couchèrent Julie et Peter dans le coffre arrière de la

311 2539 1919 61 R 16, qu’ils fermèrent à clé. Ils revinrent ensuite dans le chalet où ils

310 2611 1920 64 supprimèrent toute trace de leur présence. Ils fermèrent les volets. Nénesse

310 2684 1924 63 transporta le sac à ordures dans la voiture, l’installa sous le siège avant

310 2758 1920 60 droit. Thompson le rejoignit avec sa carabine et le sac à main de Julie. Il

308 2829 1924 61 démonta son arme. Il en rangea les différentes parties dans une mallette de

308 2899 1919 73 cuir fauve, à l’intérieur de velours pourpre. Il s’interrompait fréquemment,
