2550 3301
308 295 1926 71 étaient en grève. Les citoyens ont-ils respecté la loi en sachant qu’il n’y avait

308 366 1922 77 plus de police pour les arrêter? Pas du tout! Montréal aussitôt fut le théâtre

308 443 1922 63 d’émeutes, d’incendies volontaires, de pillages, de batailles entre chauffeurs

308 522 1922 55 de taxi ! Les émeutiers s’armèrent de gourdins et de pierres pour se livrer à

310 588 814 61 une orgie stupide de destruction.

376 663 1854 70 « Ils brisèrent les vitres de l’hôtel Queen Elizabeth et volèrent des

308 737 1924 64 marchandises. Ils saccagèrent le bel immeuble IBM. Ils pillèrent l’hôtel

311 810 1921 64 Windsor et l’hôtel Mount Royal. En l’absence de la police, le respect de la

310 882 1924 71 loi et de l’ordre disparut complètement. Selon les membres du

311 953 1362 72 gouvernement, la ville était “au bord de l’anarchie"»!

374 1041 1860 57 Zwickau resta un instant sur la pointe des pieds, le bras levé, soulignant

311 1105 549 63 l’horreur de la chose.

372 1186 1856 62 — Que signifient ces événements? reprit-il. Pourquoi ce déchaînement?

308 1261 1920 61 Et surtout, que faire? L’homme s’est efforcé sincèrement. Il a essayé tous les

308 1331 1922 62 régimes. Mais il ne s’est pas tourné vers son créateur! Son créateur qui

306 1402 1924 65 connaît mieux que personne les problèmes de l’homme, puisqu’il regarde

310 1485 1392 59 tout ce qui se passe depuis le commencement des temps.

374 1549 669 72 — Oui ! crièrent des voix.

372 1628 337 73 — Alléluia!

376 1711 719 71 — Poil aux bras! cria Julie.

377 1793 1349 70 — Taisez-vous, ma sœur, lui dit un appariteur musclé.

372 1872 1486 60 — Je ne suis pas votre sœur, rétorqua Julie mais elle se tut.

370 1949 1862 71 — C’est le créateur! poursuivit Zwickau. C’est notre Dieu qui viendra

310 2020 1922 68 faire régner l’ordre en érigeant l’État qu’il nous faut. Il est écrit: « Le Dieu

310 2110 1922 48 des cieux suscitera un royaume qui ne sera jamais détruit, et qui ne passera

308 2165 1920 76 point sous la domination d’un autre peuple. Il brisera et anéantira tous ces

308 2241 1919 64 royaumes-là, et lui-même subsistera éternellement», Daniel, deux, quarante-

311 2318 191 66 quatre.

374 2385 345 66 Julie se leva.

374 2468 904 73 — Cochon, dégueulasse, cria-t-elle.

372 2547 873 62 Zwickau bondit à bas de l’estrade.

379 2631 413 68 — Écoute-moi!

372 2706 1860 72 Julie entraîna Peter et prit ses jambes à son cou. Le prédicateur la

308 2778 1924 75 poursuivit dans la rue. La jeune fille courut vers la gare. Zwickau abandonna

311 2851 1917 64 la poursuite. Julie était rentrée dans la gare. Il lui fallait dérouter tous ces

313 2926 1749 65 fumiers, attachés à sa perte. Ce n’était pas le moment de perdre la tête.
