2550 3301
372 295 1858 66 Il demeura un instant immobile sur son siège. Il ne touchait pas le dossier

308 370 1922 62 car il était penché en avant, son torse pesant sur le volant, ses fesses maigres

311 443 1923 63 tendues, posées sur le bord du cuir. Ses spasmes s’apaisèrent. Il entendait

310 515 858 62 des chants d’oiseaux dans le bois.

370 594 1862 64 Il y avait dans la boîte à gants un paquet de Camel entamé et un Flaminaire

308 667 1924 64 de dame. Thompson planta une cigarette entre ses lèvres, l’alluma et mit pied

308 748 1928 62 à terre en toussant. Il retourna d’abord vers le chemin. Ses pneus avaient

308 810 1926 64 marqué dans les ornières grasses; le centre herbeux de la piste était tout

308 883 1922 72 égratigné, comme par une charrue primitive. Le tueur n’y pouvait rien. Il

308 955 1922 62 arracha des paquets de mousse aux flancs de la combe et s’en servit pour

310 1026 1918 63 dissimuler ses traces, là où la Ford avait brusquement viré pour piquer sous

311 1100 1008 62 le couvert. Il redressa le buisson écrasé.

370 1173 1862 66 La végétation était abondante et vivace. La voiture était presque invisible

308 1248 1928 63 de la piste. Thompson retourna vers son véhicule et en fit le tour. Il poussait

308 1320 1922 64 de petits grognements. La cigarette restait vissée entre ses lèvres, la cendre

311 1406 1266 50 tombait par intervalles et se répandait sur sa veste.

370 1470 1864 68 La Ford était inutilisable. Embrayage cassé, suspension détruite, et un

310 1545 1917 70 liquide visqueux dégouttait sous le pont arrière et imbibait la mousse.

313 1617 1917 64 Thompson rouvrit sa portière et inventoria le contenu de l’auto. Pas de poste

310 1690 1922 63 de radio, et c’était bien dommage. Pas de bagages, sinon la mallette à la

308 1760 1920 68 carabine et les deux valises des frères. Au pied de la banquette arrière,

313 1832 1917 71 Thompson trouva le sac de Julie. Il lui fallut quelques secondes pour

311 1905 1925 62 l’identifier. Puis une nausée le secoua. La chienne! Il savait qu’il ne l’avait

310 1975 1922 73 pas tuée. Son corps le lui disait. Il frémissait convulsivement. Il ouvrit le sac

308 2048 1924 64 et en vida rageusement le contenu dans l’herbe. À coups de talon, il écrasa

310 2121 1917 68 les quelques objets qui s’étaient répandus là, un porte-monnaie, un mouchoir,

310 2193 770 71 une photo, une lime à ongles...

374 2272 1856 62 Le tueur se reprit. Il s’agenouilla dans la mousse et rassembla les objets

308 2343 1920 63 écrasés, les remit dans le sac. Puis, le sac à la main, il s’avança dans les

308 2417 1014 62 taillis, sous la futaie, en reconnaissance.

368 2494 1866 64 C’était presque une chance que la Ford ait rendu l’âme à cet endroit. Cent

310 2569 1920 60 mètres plus haut, Thompson arriva à la lisière de la forêt. Les pins se

310 2642 1920 61 clairsemaient d’abord, laissant apparaître de grandes clairières, puis les

310 2714 1924 68 arbres disparaissaient complètement. Accroupi dans la pénombre d’un

310 2785 1922 61 bouquet de pins malingres, Thompson scruta la pente au-dessus de lui. Elle

310 2855 1918 64 s’élevait, raide et dégagée, ensoleillée, piquée de taches jaunes et roses qui

308 2926 1917 72 étaient des fleurs. La lumière de fin d’après-midi créait des ombres longues,
