2550 3301
308 295 1922 73 de position, la R 16 se rangea sous les arbres. Dans le noir, Julie ne

308 368 1926 73 parvenait pas à lire l’heure à sa montre. Dehors, Bibi et Nénesse échangèrent

308 443 1924 63 quelques phrases à mi-voix, et rirent. Ils restèrent un moment ensemble à

310 511 1917 72 fumer, puis l’éclairage intérieur de la R 16 s’alluma. Julie vit que Nénesse,

310 586 1847 63 dans l’auto, manipulait un plaid. Il s’allongea sur une banquette et éteignit.

372 667 1858 68 Julie ne ferma pas l’œil de la nuit. Elle entendit le changement de garde,

308 739 1926 64 elle entendit Peter qui gémissait dans son sommeil, Thompson qui se levait

308 812 1897 73 pour aller aux latrines où il resta longtemps, poussant de petits grognements.

376 889 1856 62 Thompson ne prit pas la garde. À l’aube, le colosse blond réveilla

308 959 1924 66 Nénesse qui dormait dans la R 16. Il était cinq heures, il faisait juste assez

308 1034 1922 62 clair pour que Julie puisse distinguer le cadran de sa montre. Le paysage

308 1102 1922 68 était d’une grande beauté. À travers les vitres, Julie voyait un flanc de vallée

311 1181 1917 58 se découper contre un ciel rouge sang. Les amas de rochers de grès et les

308 1248 1922 63 hautes silhouettes des arbres avaient l’air de monstres pétrifiés. Le fond de

310 1318 1917 81 la vallée devint bleu, puis jaune. Julie entendait parler les deux hommes,

311 1393 200 63 dehors.

374 1476 1438 60 — Je ne vais pas me rendormir à cette heure-ci, j’ai peur.

376 1551 787 71 — Tu veux aller faire du café?

374 1630 908 71 — Je risque de réveiller Thompson.

376 1709 851 73 — Qu’est-ce qu’on en a à foutre?

376 1797 592 66 — Il n’aimerait pas ça.

372 1866 1858 76 — Eh bien? Qu’est-ce qu’on en a à foutre? C’est pas lui qu’est dehors à

313 1943 378 63 se geler le cul.

381 2026 336 66 — Vas-y, toi.

374 2101 299 62 Un silence.

376 2182 1860 64 — Oh, je m’en fous, après tout, j’ai pas envie de café. Attends, j’ai du

308 2255 673 63 remontant dans la bagnole.

374 2338 1860 60 Remue-ménage. Julie voyait les silhouettes bouger dans l’éblouissement

308 2406 1110 71 jaune de l’aube. Une portière grinça, claqua.

372 2484 648 63 — Brrr! Ça fait du bien!

372 2561 429 72 — Ça réchauffe.

379 2648 494 67 — Repasse moi-le.

372 2721 1862 81 Julie inclina la tête pour regarder de l’autre côté de la pièce où régnait

308 2796 1922 64 encore une pénombre grisâtre, granuleuse. Elle rencontra le regard de
