2550 3301
1181 608 183 68 TROIS

379 867 1851 71 Tandis que la Lincoln démarrait, Julie, sur la banquette arrière, se

306 940 1922 70 retourna. Par la vitre, elle vit son analyste qui lui faisait au revoir de la main,

306 1012 1924 64 et l’infirmière, Mme Cécile, qui agitait un kleenex. Les deux personnes

308 1085 1924 64 rapetissèrent. Les pneus chantaient sur les cailloux. Puis la Lincoln retrouva

308 1157 1922 64 la chaussée d’asphalte de la route et le manoir bascula et disparut, la voiture

308 1230 1537 72 prit de la vitesse, les arbres et les feuilles pourries défilaient.

370 1305 1860 66 Julie admira l’automobile. On avait l’impression d’être en bateau.

308 1380 1922 63 L’intérieur était garni de vrai cuir et d’acajou. Il y avait toutes sortes

308 1452 1920 64 d’encastrements dans le dossier des sièges avant. Julie promena sa main sur

311 1525 863 61 les fermoirs incrustés dans le cuir.

379 1604 615 74 — Regardez, dit Hartog.

372 1683 1860 66 Il ouvrit les logements. Julie vit un bar, un radio-téléphone, un minuscule

308 1758 1392 72 écran de télévision, une machine à sténotyper miniature.

374 1835 1854 75 — Ce n’est pas une bagnole magique, dit Hartog. C’est fabriqué par des

313 1923 437 55 gens, vous savez.

383 1991 1649 61 — C'est quand même impressionnant. Je suis une pauvresse, non?

368 2068 1868 70 Julie jouait avec les fermetures magnétiques. Un nouveau compartiment

310 2138 1924 66 s’ouvrit sous ses doigts. Il y avait un revolver dedans, et Julie le prit pour un

306 2209 1924 65 Colt. C’était en fait un Arminius à canon court, une arme allemande. Les

310 2285 1924 62 flancs de la crosse étaient en matière plastique, le revolver avait l’air d’un

306 2356 1438 70 jouet. Julie referma vivement le compartiment. Hartog rit.

377 2437 1857 71 — C’est une arme de défense. Désolé, je ne suis pas un empereur du

306 2508 181 61 crime.

376 2587 891 68 — Vous êtes un empereur du savon.

376 2670 495 60 Ils rirent ensemble.

376 2745 1416 73 — Vous ne m’imaginiez pas comme ça, remarqua Hartog.

372 2829 1383 70 — Certainement non. Je voyais un vieux monsieur poli.
