2550 3301
1153 612 235 72 QUINZE

374 867 1862 66 Le projectile de 9 mmn entra sous les côtes de Bibi, fit éclater le foie et

305 935 1922 77 ressortit par la fesse. Le petit gangster tomba en arrière en hurlant. Il

308 1014 1924 64 dégringola du rocher et atterrit sur le dos dans la bruyère. Julie sauta à sa

310 1085 1920 64 suite et se retrouva à quatre pattes sur lui. Bibi tressaillait et criait. La jeune

311 1160 1919 66 fille courut en trébuchant jusqu’à la voiture. Elle n’y voyait pas très clair,

310 1230 1918 62 elle avait le vertige. Elle fut émerveillée de voir que Peter dormait à poings

310 1302 1557 60 fermés. Elle saisit l’enfant dans ses bras et l’emporta endormi.

368 1380 1868 68 Cependant, le premier instant de stupeur passé, les frères déboulaient

308 1450 1924 79 comme des taureaux à travers les halliers. Ils surgirent près de la voiture et

311 1523 1723 66 virent Bibi couché par terre et Julie qui disparaissait dans la verdure.

376 1604 834 72 — Elle l’a descendu! cria Coco.

374 1689 466 56 — Reste avec lui.

370 1762 1858 66 Nénesse fonça à la poursuite de Julie. Il ne voyait plus la jeune femme.

310 1837 1922 64 Des branches lui fouettaient les yeux. Il l’entendait se frayer un chemin. Elle

306 1909 1928 71 n’était pas à plus de vingt-cinq mètres. Tout en courant, Nénesse sortit son

308 1980 1922 62 revolver, un Ruby espagnol. C’était un réflexe. Il savait qu’il ne fallait pas

310 2052 1601 62 abattre la jeune fille. Il importait de les prendre, elle et le gosse.

370 2132 1862 64 Juste à ce moment, il les aperçut. Julie courait, l’enfant dans les bras. Elle

308 2206 1922 62 trébuchait et se cognait aux arbres. Sa silhouette était indistincte dans les

308 2275 1922 65 fourrés. Elle disparut de nouveau. Nénesse força l’allure. La silhouette

306 2347 1926 66 réapparut. Elle s’était arrêtée. Elle ne pouvait lui échapper. Nénesse ricana

306 2420 1928 64 et il eut l’impression qu’on lui enfonçait une tringle dans le thorax, il entendit

308 2494 1752 64 claquer un coup de pistolet, tomba à quatre pattes, perdit son revolver.

387 2572 840 68 — C’est trop con! s’exclama-t-il.

372 2649 1862 66 Il était en état de choc. Il se palpa. Il avait un trou dans le flanc. Il était

308 2725 1251 62 couché sur le côté. Il entendit la voix de son frère.

372 2800 1858 66 — Tu es là, nom de Dieu! Qu’est-ce que tu fous? Ça fait dix minutes que

306 2871 730 77 je t’appelle! Où est la fille?
