2550 3301
310 297 1922 64 donnait à toute chose un relief remarquable. La Ford grenat y aurait été

311 368 1257 62 visible comme une mouche sur le crâne d’un bébé.

366 458 1870 57 Clignant des veux, Thompson observa le ciel bleu pâle où flottaient

308 524 1928 62 d’imperceptibles voiles de brume. À cette heure, les routes de la région

306 596 1924 62 étaient barrées; des hélicoptères de la gendarmerie devaient tourner au-

310 667 1849 62 dessus des vallées. Le tueur haussa les épaules et rentra dans le sous-bois.

374 744 1858 64 Veillant à ne pas se perdre, il laissait derrière lui une traînée de points de

306 816 1924 66 repère discrets, brindilles, pierres, minuscules éraflures sur l’écorce tendre

308 887 238 73 des pins.

370 966 1860 73 En zigzaguant à flanc de pente, il finit par trouver l’endroit qu’il lui fallait,

308 1047 1924 58 une combe boueuse où glougloutait un ruisseau à demi recouvert par la

311 1115 1919 69 végétation. De ses mains nues, Thompson fouilla la boue noirâtre de ses

308 1186 1922 62 rives. Le ruisseau avait foré un goulet dans l’humus. Thompson creusa le

310 1259 1922 63 flanc vertical du goulet. Lorsque le trou fut assez grand, il y enfouit le sac de

310 1331 1920 60 Julie, le tassa dans la terre à coups de talon, le recouvrit d’argile. Il

308 1401 1922 71 travaillait avec rage. Lorsqu’il eut fini, il envisagea de recommencer

310 1472 1920 64 l’opération pour faire disparaître les bagages des frères. C’était beaucoup de

311 1547 1919 61 travail et cela ne ralentirait guère le raisonnement de la police, une fois que

311 1619 1152 62 la Ford serait retrouvée. Thompson y renonça.

372 1698 1858 60 Il regagna la Ford. Il se sentait curieusement léger. Il n’avait rien mangé

310 1769 1896 61 depuis deux jours. Il s’était habitué à la douleur que lui causait son estomac.

370 1844 1862 68 La lumière baissait dans la clairière. Thompson ouvrit la mallette où

308 1920 1926 71 gisaient douillettement les pièces de sa carabine. Il les graissa et les polit

308 1993 1482 66 avec amour. Puis il s’assit dans la voiture et attendit la nuit.
