<?xml version="1.0" encoding="UTF-8"?>
<alto xmlns:xsi="http://www.w3.org/2001/XMLSchema-instance"
      xmlns="http://www.loc.gov/standards/alto/ns-v4#"
      xsi:schemaLocation="http://www.loc.gov/standards/alto/ns-v4# http://www.loc.gov/standards/alto/v4/alto-4-2.xsd">
  <Description>
    <MeasurementUnit>pixel</MeasurementUnit>
    <sourceImageInformation>
      <fileName>page_00102.png</fileName>
      
    </sourceImageInformation>
  </Description>
  
  <Tags>
    <OtherTag ID="BT11002" LABEL="MaineZone" DESCRIPTION="block type MaineZone"/><OtherTag ID="BT11004" LABEL="TitlePageZone" DESCRIPTION="block type TitlePageZone"/><OtherTag ID="BT11005" LABEL="RunningTitleZone" DESCRIPTION="block type RunningTitleZone"/><OtherTag ID="BT11006" LABEL="NumberingZone" DESCRIPTION="block type NumberingZone"/><OtherTag ID="BT11009" LABEL="MainZone" DESCRIPTION="block type MainZone"/><OtherTag ID="BT11010" LABEL="QuireMarksZone" DESCRIPTION="block type QuireMarksZone"/>
    <OtherTag ID="LT4328" LABEL="DefaultLine" DESCRIPTION="line type DefaultLine"/><OtherTag ID="LT4329" LABEL="HeadingLine" DESCRIPTION="line type HeadingLine"/><OtherTag ID="LT4330" LABEL="default" DESCRIPTION="line type default"/>
  </Tags>
  
  <Layout>
    <Page WIDTH="2550"
          HEIGHT="3301"
          PHYSICAL_IMG_NR="97"
          ID="eSc_dummypage_">
      <PrintSpace HPOS="0"
                  VPOS="0"
                  WIDTH="2550"
                  HEIGHT="3301">
        
        <TextBlock HPOS="259"
                   VPOS="527"
                   WIDTH="2003"
                   HEIGHT="1596"
                   ID="block_0"
                   TAGREFS="BT11009">
          <Shape><Polygon POINTS="2262 527 2262 2012 259 2123 285 527"/></Shape>
          
          
          <TextLine ID="line_0"
                    TAGREFS="LT4329"
                    BASELINE="1098 658 1447 656" 
                    HPOS="1097"
                    VPOS="605"
                    WIDTH="350"
                    HEIGHT="75">
            <Shape><Polygon POINTS="1098 671 1432 680 1434 680 1436 680 1438 680 1447 671 1447 656 1441 605 1097 605 1098 658"/></Shape>
	    <String CONTENT="VINGT-HUIT"
                    HPOS="1097"
                    VPOS="605"
                    WIDTH="350"
                    HEIGHT="75"
                    WC="0.9953977465629578"></String>
          </TextLine>

          
          
          <TextLine ID="line_1"
                    TAGREFS="LT4328"
                    BASELINE="372 918 2232 918" 
                    HPOS="372"
                    VPOS="869"
                    WIDTH="1860"
                    HEIGHT="64">
            <Shape><Polygon POINTS="372 918 372 933 2232 933 2232 918 2232 880 2056 880 2054 878 2040 869 2038 869 2036 869 2034 869 2032 869 1995 878 1994 880 1803 880 1801 878 1783 869 1781 869 1779 869 1777 869 1742 878 1740 878 1737 878 1706 869 1704 869 1702 869 1700 869 1665 878 1662 880 1335 880 1333 878 1315 869 1313 869 1177 869 1175 869 1174 869 1172 869 1159 876 1157 878 1141 876 1071 869 1069 869 1023 876 1012 878 1007 876 986 869 985 869 983 869 981 869 953 876 946 878 937 876 904 869 902 869 838 876 818 878 803 876 765 869 763 869 730 876 719 878 689 876 607 869 605 869 603 869 579 876 568 878 372 876 372 918"/></Shape>
	    <String CONTENT="Hartog, les traits tirés, la lèvre inférieure couverte de dartres et de traces"
                    HPOS="372"
                    VPOS="869"
                    WIDTH="1860"
                    HEIGHT="64"
                    WC="0.9938483584074327"></String>
          </TextLine>

          
          
          <TextLine ID="line_2"
                    TAGREFS="LT4328"
                    BASELINE="308 990 2223 999" 
                    HPOS="302"
                    VPOS="940"
                    WIDTH="1920"
                    HEIGHT="69">
            <Shape><Polygon POINTS="305 987 302 998 2216 1009 2222 998 2222 946 305 940 305 987"/></Shape>
	    <String CONTENT="de dents, était affale dans une chaise longue, sur une térrasse dallée. Un verre"
                    HPOS="302"
                    VPOS="940"
                    WIDTH="1920"
                    HEIGHT="69"
                    WC="0.9967101209134941"></String>
          </TextLine>

          
          
          <TextLine ID="line_3"
                    TAGREFS="LT4328"
                    BASELINE="308 1059 2230 1063" 
                    HPOS="306"
                    VPOS="1014"
                    WIDTH="1924"
                    HEIGHT="69">
            <Shape><Polygon POINTS="306 1070 326 1081 328 1081 330 1083 2228 1083 2230 1063 2228 1026 2166 1015 2164 1015 2120 1025 2100 1015 2098 1015 2096 1015 2052 1025 2014 1015 2012 1015 2010 1015 1882 1025 1874 1026 1636 1026 1634 1025 1616 1015 1614 1015 1612 1015 1566 1025 1561 1025 1552 1025 1467 1015 1465 1015 1148 1023 1131 1014 1130 1014 1128 1014 1126 1014 1124 1014 1086 1023 1045 1014 1043 1014 919 1014 917 1014 915 1014 913 1014 898 1023 893 1023 765 1014 763 1014 761 1014 730 1023 728 1023 726 1023 689 1014 687 1014 686 1014 684 1014 656 1023 654 1023 649 1023 572 1014 570 1014 568 1014 543 1023 539 1025 366 1025 363 1023 346 1014 344 1014 343 1014 308 1021 308 1059"/></Shape>
	    <String CONTENT="énorme où traînait une feuille de menthe était posé par terre auprès de lui,"
                    HPOS="306"
                    VPOS="1014"
                    WIDTH="1924"
                    HEIGHT="69"
                    WC="0.9911961381028338"></String>
          </TextLine>

          
          
          <TextLine ID="line_4"
                    TAGREFS="LT4328"
                    BASELINE="310 1137 2234 1133" 
                    HPOS="308"
                    VPOS="1087"
                    WIDTH="1926"
                    HEIGHT="62">
            <Shape><Polygon POINTS="310 1137 310 1149 2232 1148 2234 1133 2232 1098 2201 1087 2199 1087 2197 1087 2195 1087 2159 1096 1990 1087 1988 1087 1830 1096 1794 1087 1792 1087 1790 1087 1667 1096 1590 1087 1588 1087 1445 1096 1397 1087 1396 1087 1267 1098 849 1089 847 1089 768 1098 704 1089 702 1089 596 1098 511 1089 510 1089 308 1100 310 1137"/></Shape>
	    <String CONTENT="ainsi qu’un cendrier débordant. Une cigarette maculée pendait aux lèvres du"
                    HPOS="308"
                    VPOS="1087"
                    WIDTH="1926"
                    HEIGHT="62"
                    WC="0.9839300620250213"></String>
          </TextLine>

          
          
          <TextLine ID="line_5"
                    TAGREFS="LT4328"
                    BASELINE="310 1208 2234 1204" 
                    HPOS="308"
                    VPOS="1159"
                    WIDTH="1926"
                    HEIGHT="64">
            <Shape><Polygon POINTS="310 1208 310 1221 2230 1223 2234 1204 2230 1170 2164 1159 2162 1159 2076 1170 1953 1170 1937 1159 1935 1159 1933 1159 1931 1159 1880 1168 1814 1159 1812 1159 1810 1159 1777 1168 1295 1160 1293 1160 1291 1160 1258 1170 1179 1160 1177 1160 1130 1171 853 1171 563 1160 561 1160 559 1160 557 1160 541 1171 308 1171 310 1208"/></Shape>
	    <String CONTENT="rousseau. Des lunettes noires cachaient ses yeux. Il était vêtu d’un pantalon"
                    HPOS="308"
                    VPOS="1159"
                    WIDTH="1926"
                    HEIGHT="64"
                    WC="0.9946949504598787"></String>
          </TextLine>

          
          
          <TextLine ID="line_6"
                    TAGREFS="LT4328"
                    BASELINE="311 1276 1097 1280" 
                    HPOS="310"
                    VPOS="1228"
                    WIDTH="787"
                    HEIGHT="63">
            <Shape><Polygon POINTS="311 1276 310 1287 1093 1291 1097 1280 1097 1245 1067 1230 1065 1230 977 1230 975 1230 974 1230 972 1230 972 1232 961 1243 931 1230 930 1230 928 1230 926 1230 898 1241 893 1245 741 1245 737 1239 728 1232 728 1230 726 1230 724 1230 722 1230 720 1230 693 1239 682 1241 596 1241 590 1237 579 1228 577 1228 576 1228 543 1228 541 1228 539 1228 537 1228 537 1230 530 1236 526 1241 517 1236 510 1232 508 1232 506 1232 504 1232 491 1236 471 1241 311 1234 311 1276"/></Shape>
	    <String CONTENT="blanc et d’une chemise de filet."
                    HPOS="310"
                    VPOS="1228"
                    WIDTH="787"
                    HEIGHT="63"
                    WC="0.9996656775474548"></String>
          </TextLine>

          
          
          <TextLine ID="line_7"
                    TAGREFS="LT4328"
                    BASELINE="374 1357 2183 1357" 
                    HPOS="374"
                    VPOS="1307"
                    WIDTH="1809"
                    HEIGHT="66">
            <Shape><Polygon POINTS="374 1357 374 1373 2183 1373 2183 1357 2183 1320 2095 1320 2095 1318 2069 1307 2067 1307 2065 1307 2063 1307 2030 1318 2008 1307 2006 1307 2005 1307 2003 1307 1970 1318 1968 1320 1873 1320 1871 1318 1854 1307 1852 1307 1851 1307 1751 1307 1750 1307 1748 1307 1746 1307 1729 1318 1728 1318 1722 1316 1674 1307 1673 1307 1607 1316 1594 1318 1590 1316 1568 1307 1566 1307 1564 1307 1563 1307 1537 1316 1530 1318 1515 1316 1458 1307 1456 1307 1410 1316 1396 1318 1364 1316 1271 1307 1269 1307 1229 1314 1212 1320 856 1320 847 1314 838 1307 836 1307 834 1307 704 1307 702 1307 700 1307 676 1313 656 1318 642 1313 625 1307 623 1307 621 1307 590 1313 559 1318 532 1313 506 1307 504 1307 502 1307 487 1313 467 1318 374 1313 374 1357"/></Shape>
	    <String CONTENT="Le chauffeur Dédé, en costume sombre, arriva derrière lui à pas de loup."
                    HPOS="374"
                    VPOS="1307"
                    WIDTH="1809"
                    HEIGHT="66"
                    WC="0.995892722355692"></String>
          </TextLine>

          
          
          <TextLine ID="line_8"
                    TAGREFS="LT4328"
                    BASELINE="376 1434 1977 1437" 
                    HPOS="374"
                    VPOS="1386"
                    WIDTH="1603"
                    HEIGHT="64">
            <Shape><Polygon POINTS="376 1434 374 1446 1973 1450 1977 1437 1975 1402 1900 1390 1898 1390 1781 1399 1762 1401 1757 1399 1731 1390 1729 1390 1728 1390 1726 1390 1691 1399 1687 1399 1685 1399 1645 1390 1643 1390 1641 1390 1640 1390 1627 1399 1621 1401 1564 1397 1465 1391 1463 1391 1462 1391 1445 1397 1427 1402 1194 1402 1153 1393 1124 1388 1122 1388 1120 1388 1104 1393 1086 1399 1075 1393 1069 1388 1067 1388 1065 1388 1064 1388 1012 1391 930 1399 913 1391 908 1388 906 1388 904 1388 902 1388 893 1390 869 1397 843 1390 834 1388 832 1388 831 1388 829 1388 820 1390 783 1399 733 1390 724 1388 722 1388 720 1388 719 1388 719 1390 698 1401 515 1401 464 1388 462 1388 460 1388 436 1399 376 1386 376 1434"/></Shape>
	    <String CONTENT="— Des nouvelles? demanda le rousseau entre ses dents serrées."
                    HPOS="374"
                    VPOS="1386"
                    WIDTH="1603"
                    HEIGHT="64"
                    WC="0.9876575806448536"></String>
          </TextLine>

          
          
          <TextLine ID="line_9"
                    TAGREFS="LT4328"
                    BASELINE="374 1514 2228 1520" 
                    HPOS="372"
                    VPOS="1468"
                    WIDTH="1856"
                    HEIGHT="70">
            <Shape><Polygon POINTS="374 1514 372 1525 484 1536 486 1536 963 1529 1001 1538 1003 1538 1005 1538 2227 1531 2228 1520 2228 1487 2164 1472 2162 1472 2111 1483 2095 1472 2093 1472 2091 1472 1874 1472 1873 1472 1871 1472 1852 1481 1818 1472 1816 1472 1814 1472 1812 1472 1810 1472 1792 1483 1773 1474 1772 1474 1770 1474 1711 1483 1570 1472 1568 1472 1566 1472 1564 1472 1546 1485 1425 1485 1342 1470 1341 1470 1252 1483 1177 1472 1175 1472 1056 1483 1054 1483 1036 1472 1034 1472 1032 1472 1031 1472 961 1481 941 1468 939 1468 937 1468 935 1468 876 1479 792 1470 790 1470 788 1470 768 1479 735 1468 733 1468 731 1468 730 1468 728 1468 711 1479 539 1481 487 1468 486 1468 484 1468 482 1468 480 1468 458 1483 374 1483 374 1514"/></Shape>
	    <String CONTENT="— Le second truand est mort pendant son transport à l’hôpital. Les"
                    HPOS="372"
                    VPOS="1468"
                    WIDTH="1856"
                    HEIGHT="70"
                    WC="0.9940191551166422"></String>
          </TextLine>

          
          
          <TextLine ID="line_10"
                    TAGREFS="LT4328"
                    BASELINE="310 1588 2234 1591" 
                    HPOS="308"
                    VPOS="1542"
                    WIDTH="1926"
                    HEIGHT="71">
            <Shape><Polygon POINTS="310 1588 308 1600 324 1611 326 1611 328 1611 330 1613 519 1613 519 1611 521 1611 522 1611 537 1602 570 1611 572 1611 574 1611 576 1611 610 1602 625 1611 627 1611 629 1611 631 1611 702 1602 730 1611 731 1611 733 1611 1238 1602 1249 1602 1251 1602 1342 1613 1344 1613 1518 1604 1552 1613 1553 1613 1555 1613 2232 1604 2234 1591 2232 1556 2030 1544 2028 1544 1937 1553 1920 1555 1871 1553 1652 1544 1651 1544 1649 1544 1634 1551 1629 1555 1489 1555 1460 1551 1418 1544 1416 1544 1414 1544 1401 1551 1390 1556 1319 1556 1298 1549 1273 1542 1271 1542 1269 1542 1267 1542 1245 1549 1232 1555 1031 1555 1010 1547 990 1542 988 1542 986 1542 953 1547 920 1553 895 1547 875 1542 873 1542 871 1542 838 1545 796 1553 768 1545 752 1542 750 1542 748 1542 746 1542 744 1542 739 1545 724 1555 642 1555 612 1545 601 1542 599 1542 598 1542 596 1542 588 1545 568 1555 372 1555 310 1544 310 1588"/></Shape>
	    <String CONTENT="barrages n’ont rien donné encore. La police quadrille les environs en"
                    HPOS="308"
                    VPOS="1542"
                    WIDTH="1926"
                    HEIGHT="71"
                    WC="0.9989379508154733"></String>
          </TextLine>

          
          
          <TextLine ID="line_11"
                    TAGREFS="LT4328"
                    BASELINE="311 1661 621 1661" 
                    HPOS="311"
                    VPOS="1613"
                    WIDTH="310"
                    HEIGHT="65">
            <Shape><Polygon POINTS="311 1661 311 1678 621 1678 621 1661 621 1628 552 1626 541 1615 541 1613 539 1613 537 1613 535 1613 533 1613 504 1624 498 1628 440 1628 432 1622 412 1613 410 1613 409 1613 311 1619 311 1661"/></Shape>
	    <String CONTENT="hélicoptère."
                    HPOS="311"
                    VPOS="1613"
                    WIDTH="310"
                    HEIGHT="65"
                    WC="0.9978277640683311"></String>
          </TextLine>

          
          
          <TextLine ID="line_12"
                    TAGREFS="LT4328"
                    BASELINE="420 1738 2225 1740" 
                    HPOS="418"
                    VPOS="1692"
                    WIDTH="1807"
                    HEIGHT="70">
            <Shape><Polygon POINTS="420 1738 418 1751 478 1762 480 1762 2223 1755 2225 1740 2225 1703 2201 1692 2199 1692 2197 1692 2137 1703 2133 1703 2131 1703 2106 1692 2104 1692 2102 1692 2036 1703 2030 1703 2014 1692 2012 1692 2010 1692 1950 1692 1948 1692 1946 1692 1944 1692 1928 1703 1926 1705 1874 1705 1871 1703 1841 1692 1840 1692 1838 1692 1836 1692 1801 1701 1729 1692 1728 1692 1726 1692 1724 1692 1707 1703 1706 1705 1480 1705 1476 1703 1460 1692 1458 1692 1456 1692 1375 1692 1374 1692 1225 1703 1207 1703 1203 1703 1172 1692 1170 1692 1168 1692 1120 1703 1115 1705 895 1705 889 1703 856 1692 854 1692 853 1692 796 1703 787 1705 521 1705 515 1703 478 1692 476 1692 475 1692 420 1701 420 1738"/></Shape>
	    <String CONTENT="— Je ne comprends pas ce qui est arrivé, murmura Hartog. Où est-elle"
                    HPOS="418"
                    VPOS="1692"
                    WIDTH="1807"
                    HEIGHT="70"
                    WC="0.9951815877641951"></String>
          </TextLine>

          
          
          <TextLine ID="line_13"
                    TAGREFS="LT4328"
                    BASELINE="311 1815 809 1808" 
                    HPOS="310"
                    VPOS="1760"
                    WIDTH="499"
                    HEIGHT="75">
            <Shape><Polygon POINTS="311 1815 311 1835 807 1822 809 1808 803 1766 750 1773 739 1767 731 1760 730 1760 728 1760 726 1760 724 1760 697 1767 686 1771 676 1769 658 1762 656 1762 654 1762 653 1762 636 1769 625 1775 616 1771 598 1762 596 1762 594 1762 592 1762 561 1771 544 1778 482 1778 473 1775 438 1764 436 1764 434 1764 432 1764 431 1764 431 1766 429 1766 421 1777 310 1778 311 1815"/></Shape>
	    <String CONTENT="passée, cette folle?"
                    HPOS="310"
                    VPOS="1760"
                    WIDTH="499"
                    HEIGHT="75"
                    WC="0.9719410425140744"></String>
          </TextLine>

          
          
          <TextLine ID="line_14"
                    TAGREFS="LT4328"
                    BASELINE="372 1894 2232 1890" 
                    HPOS="370"
                    VPOS="1844"
                    WIDTH="1862"
                    HEIGHT="65">
            <Shape><Polygon POINTS="372 1894 372 1909 2230 1907 2232 1890 2228 1855 2146 1844 2144 1844 2047 1854 2045 1854 1939 1844 1937 1844 1935 1844 1902 1854 1902 1855 1785 1855 1783 1854 1768 1844 1766 1844 1764 1844 1762 1844 1761 1844 1724 1854 1722 1854 1720 1854 1649 1844 1647 1844 1645 1844 1608 1854 1607 1854 1605 1854 1544 1844 1542 1844 1416 1854 1408 1854 1405 1854 1364 1844 1363 1844 1311 1854 1297 1855 1282 1854 1230 1846 1229 1846 1194 1854 1183 1855 1166 1854 1113 1846 1111 1846 1073 1854 1058 1855 1045 1854 1005 1846 1003 1846 1001 1846 975 1854 966 1855 952 1854 909 1846 908 1846 906 1846 878 1854 867 1855 829 1854 731 1846 730 1846 370 1852 372 1894"/></Shape>
	    <String CONTENT="Le chauffeur haussa les épaules, fourra les mains dans les poches et laissa"
                    HPOS="370"
                    VPOS="1844"
                    WIDTH="1862"
                    HEIGHT="65"
                    WC="0.9968625338453996"></String>
          </TextLine>

          
          
          <TextLine ID="line_15"
                    TAGREFS="LT4328"
                    BASELINE="308 1965 2232 1962" 
                    HPOS="306"
                    VPOS="1916"
                    WIDTH="1926"
                    HEIGHT="66">
            <Shape><Polygon POINTS="308 1965 308 1982 2232 1978 2232 1962 2228 1927 2181 1916 2179 1916 2177 1916 2153 1927 2150 1927 2148 1927 2122 1916 2120 1916 2118 1916 2117 1916 2115 1916 2098 1927 2095 1929 2034 1929 2030 1927 1999 1916 1997 1916 1995 1916 1994 1916 1992 1916 1975 1927 1972 1929 1748 1929 1742 1927 1660 1916 1658 1916 1563 1927 1561 1927 1537 1916 1535 1916 1465 1916 1463 1916 1381 1925 1344 1916 1342 1916 1341 1916 1265 1929 1256 1929 1249 1929 1201 1918 1199 1918 1082 1929 1069 1929 1065 1929 1029 1918 1027 1918 1025 1918 779 1927 700 1918 698 1918 614 1929 610 1931 306 1931 308 1965"/></Shape>
	    <String CONTENT="errer son regard sur la Méditerranée qui battait les galets en contrebas de la"
                    HPOS="306"
                    VPOS="1916"
                    WIDTH="1926"
                    HEIGHT="66"
                    WC="0.9916688613593578"></String>
          </TextLine>

          
          
          <TextLine ID="line_16"
                    TAGREFS="LT4328"
                    BASELINE="311 2039 535 2035" 
                    HPOS="310"
                    VPOS="1995"
                    WIDTH="225"
                    HEIGHT="58">
            <Shape><Polygon POINTS="311 2039 311 2053 533 2052 535 2035 532 2004 321 1995 319 1995 317 1995 315 1995 315 1997 313 1997 310 1998 311 2039"/></Shape>
	    <String CONTENT="terrasse."
                    HPOS="310"
                    VPOS="1995"
                    WIDTH="225"
                    HEIGHT="58"
                    WC="0.9994644787576463"></String>
          </TextLine>

          
        </TextBlock>
        

        
      </PrintSpace>
    </Page>
  </Layout>
</alto>
