2550 3301
385 295 666 73 — Thompson! appelait-il.

374 377 1856 66 Julie surgit dans son champ visuel, au coin des produits d’entretien. Elle

310 452 1922 63 avait le bras droit couvert de sang. Ça lui faisait comme un gant montant. De

310 522 1920 63 la main gauche, elle projeta sur Coco une bouteille d’alcool à brûler

306 594 1922 64 enflammée. Le malfrat pressa la détente du gros Colt et la balle se logea dans

308 663 1922 68 le plafond, Coco tombait en arrière, il poussa une exclamation choquée

308 739 1922 64 quand son crâne heurta le sol. Il y eut près de lui un bruit d’ampoule

310 812 1918 62 électrique qui crève et il se retrouva au milieu d’une nappe de liquide en feu.

310 885 1918 61 De petites flammes bleues coururent sur son pantalon. Coco sentit les poils

308 953 1922 66 de ses jambes s’embraser. Il posa son Colt sur le sol et se mit à se donner de

310 1025 1920 73 grandes tapes sur les cuisses. Julie avait disparu. Par-dessus l’éventaire

308 1096 1924 66 d’alcools, des bouteilles arrivèrent en voltigeant. Elles éclatèrent autour de

308 1170 1920 67 Coco et une vraie mer de feu déferla. L’homme de main arracha son pantalon,

308 1241 1926 62 sautilla frénétiquement dans le feu et se brûla en ramassant son Colt. En

308 1314 1920 65 caleçon, il se mit à courir vers la sortie. Ses jambes lui cuisaient et il

310 1386 1117 62 reniflait l’odeur de bacon de sa peau brûlée.

374 1461 1311 62 — Cours devant! Cours devant! criait Julie à Peter.

372 1544 1860 64 Elle tenait à la main un autre litre d’alcool dont le goulot brûlait comme

308 1617 1922 62 un fer à souder. Tout en suivant Peter, elle déversait une averse de feu sur

310 1689 1920 64 l’étalage des pull-overs. Enfin, elle se retourna et, à travers la fumée qui

310 1762 1918 62 tourbillonnait, elle jeta au hasard, loin d’elle, le litre à demi plein. Il

308 1833 1922 63 explosa. Les cris redoublèrent. Poussant Peter devant elle, la jeune femme

311 1907 1916 62 franchit en bondissant une nappe de flammes bleues. Une ménagère la croisa.

310 1976 1918 65 Sa jupe brûlait, ainsi que le chariot à provisions qu’elle poussait devant elle.

311 2052 1917 60 La femme heurta un présentoir à livres et tomba avec lui. Les livres

310 2121 1370 63 s’embrasèrent. La femme pleurait et se recroquevillait.

374 2196 1858 67 Alentour, les cris s’éraillaient. On toussait. La fumée envahissait la salle

308 2270 1926 66 immense. Des silhouettes indistinctes trébuchaient sur les débris, pliées en

310 2343 1922 63 deux au milieu des volutes. Loin derrière elle, Julie entendit les portes par

308 2415 1926 62 où elle était entrée qui éclataient sous la poussée des fuyards. Un courant

308 2490 1926 59 d’air somptueux traversa le magasin de part en part. Les flammes bondirent

308 2556 1926 75 jusqu’au plafond. La jeune fille croisa un héroïque carré de chefs de rayon

310 2633 1918 66 qui mettaient des extincteurs en batterie. Un autre, une hache à la main,

310 2703 875 64 défonçait fébrilement un éventaire.

372 2780 1862 68 Julie et Peter furent soudain dehors, piétinant dans le verre cassé. On

310 2857 1917 68 s’attroupait à distance respectueuse. Des fuyards se ruaient hors du magasin,

308 2928 1920 64 autour de la jeune fille. Des femmes avaient des crises de nerfs. Certaines
