2550 3301
381 304 1849 64 — C’est une idée qu’elle a, dit Bibi. Elle veut absolument que nous

311 374 969 58 soyons envoyés par un certain Fuentès.

381 452 1849 70 — Mais non, nullement, je vous assure, affirma Thompson en se

308 528 290 58 redressant.

370 597 1866 66 Il était très grand, dégingandé. Julie scruta les alentours. La R 16 avait

308 673 1926 66 quitté l’autoroute par la sortie de Nemours, puis elle avait fait de nombreux

310 748 1924 62 détours par des pistes et des petites routes à travers bois. La jeune fille était

310 819 675 63 complètement désorientée.

377 905 1307 66 — Entrez, je vous prie, avec l’enfant, dit Thompson.

372 977 972 70 — Vous êtes des gangsters! cria Peter.

376 1061 493 66 — Je ne le nie pas.

372 1137 1860 62 On entra dans le chalet. Il y avait quatre fenêtres et quatre couchettes

310 1208 1920 64 superposées deux par deux. Au milieu de la pièce, une table et des tabourets

310 1280 198 69 pliants.

376 1360 1858 74 — Asseyez-vous, commanda Thompson. J’ai préparé du café. Le petit doit

311 1435 998 61 avoir soif aussi. Il boira un verre d’eau.

374 1511 1477 62 — Il était question de me relâcher avec une lettre, dit Julie.

377 1591 446 65 Thompson sourit.

376 1668 1243 74 — C’était pour simplifier. Il vous faudra attendre.

374 1751 590 70 — Combien de temps ?

374 1830 526 66 — Vous verrez bien.

379 1909 1512 73 — C’est quoi, votre fusil? demanda Peter. Une Winchester?

376 1991 1854 62 Thompson ne répondit pas et alla poser l’arme sur une couchette. Puis il

308 2057 1926 75 prit la cafetière et des quarts de tôle émaillée dans le coin cuisine. On

310 2130 1920 68 s’attabla. Le colosse blond resta debout près de la porte, les bras croisés. Il

310 2208 1922 60 avait l’air d’un videur de bar. Ses yeux étaient porcins et imbéciles. Le

306 2275 1922 70 chauffeur de la R 16 lui ressemblait beaucoup. Même visage de cochon rose,

308 2349 1926 62 mêmes veux petits enfoncés dans la viande. Il s’assit à la table et garda son

308 2424 238 66 chapeau.

374 2499 1031 72 — Vous allez me séquestrer ici, dit Julie.

372 2578 1856 68 Personne ne répondit. Thompson versait le café à la ronde. Il alla chercher

311 2655 998 59 le sucre et servit un verre d’eau à Peter.

376 2730 1137 72 — Vous êtes de beaux dégueulasses, dit Julie.

376 2807 794 74 — Ta gueule! cria le chauffeur.
