2550 3301
1095 608 350 65 QUARANTE

377 869 1859 71 Thompson se retourna si vite que le manche du couteau échappa à la main

308 944 1926 59 de Julie. L’acier de la lame demeura dans le dos du tueur qui vacillait au

308 1014 1922 71 milieu de la pièce sur son pied unique. La jeune fille restait figée dans

310 1085 1918 64 l’embrasure, blanche de terreur, la bouche ouverte, mais les dents serrées.

310 1157 1920 64 Couché sur le dos, Fuentès ne donnait plus signe de vie. Il était couvert de

311 1241 136 62 sang.

377 1309 1855 62 Thompson eut une grimace étrange et essaya de lever sa carabine, mais il

306 1379 1924 73 perdit l’équilibre et dut s’appuyer sur son arme comme sur une béquille. Il

308 1452 1924 64 demeura un instant ainsi plié en deux, la crosse sous l’aisselle, le manche du

308 1525 818 61 couteau frémissant dans son dos.

376 1602 447 66 Julie prit la fuite.

372 1683 1856 68 Elle courut de toutes ses forces dans le couloir, les lèvres retroussées sur

310 1758 453 63 un cri imaginaire.

374 1835 1864 72 — Je vais te tuer, salope! déclara Thompson, puis un flot d’obscénités en

308 1907 1928 66 anglais s’échappa de sa bouche. Il se redressa. Tous les muscles de son

313 1982 1921 60 visage se contractaient et se dilataient de façon incohérente. Il oublia son

310 2050 1920 75 pied arraché. Il brandit sa carabine terreuse et se lança à la poursuite de

311 2127 874 60 Julie en marchant sur son moignon.

372 2206 1858 68 La jeune fille venait de se ruer dans un escalier. Le temps d’un éclair,

313 2277 1917 63 Thompson entrevit ses talons, puis ils disparurent. Julie déboucha à l’air

308 2356 1928 53 libre sur une terrasse. Elle poussa une exclamation angoissée en constatant

310 2422 1922 62 qu’il n’y avait pas d’issue. Puis elle vit Hartog, surgissant comme un diable

308 2494 1920 62 d’une boîte, qui apparaissait au milieu des fleurs, sur une autre terrasse. Elle

308 2563 1926 66 vit qu’il levait la main gauche, et la lueur du coup de feu. Elle ressentit un

306 2637 1924 60 choc violent (tiens, pensa-t-elle, cette fois, c’est l’autre bras) et elle

308 2708 1915 77 pirouetta et tomba dans l’escalier. Elle rebondit de marche en marche et cria.

372 2785 1258 72 — Oncle Hartog! s’exclama Peter, sur la terrasse.
