2550 3301
379 300 708 68 — Alors ça, mon pote, non!

376 379 1075 72 — Je ne suis pas votre pote, dit Thompson.

374 456 822 70 Le visage du pilote devint blanc.

385 540 669 59 — Excusez-moi, monsieur.

377 619 446 61 Thompson sourit.

376 698 1852 68 — Conduisez-nous à cet aérodrome que vous avez dit, près de Saint-

310 770 1480 69 Etienne. Là-bas, j’imagine que nous trouverons une voiture.

374 849 1856 66 Ils en trouvèrent une aussitôt, une Simca 1500 noire, assez fatiguée. Il n’y

310 922 990 60 avait rien de mieux. Nénesse bougonna.

379 1001 1061 68 — Je suis en état de conduire, affirma-t-il.

372 1078 1858 64 Il prit le volant. Les autres ne discutèrent pas. Thompson avait loué le

313 1153 1793 62 véhicule au nom d’André Proust, et produit des papiers en conséquence.

368 1230 1860 66 — Direction Montbrison, commanda-t-il à Nénesse. Puis Boën. Nous nous

308 1307 1185 61 renseignerons à la gare et au service d’autobus.

374 1390 1854 56 — On n’arrivera pas à la coincer avant les flics, dit Nénesse. C’est sans

311 1457 193 72 espoir.

399 1533 685 73 — Si, dit Thompson, il faut.

372 1610 1244 69 La 1500 fonçait. Coco s’agita sur le siège arrière.

374 1692 484 72 — Mollo, mollo...

377 1771 369 72 — Ta gueule!

377 1854 1855 64 Thompson soupira et regarda ses genoux. Il avait mis sa ceinture de

311 1925 1921 64 sécurité. La route était très droite. La Simca l’absorbait à plus de 100 de

308 1997 1922 73 moyenne. Il était trois heures de l’après-midi lorsqu’elle pénétra dans

310 2066 319 68 Montbrison.

370 2147 1860 64 — Ralentissez, commanda Thompson. Cherchez Boën ou Roanne sur les

308 2220 513 70 poteaux indicateurs.

372 2299 1858 66 — Nom de Dieu! hurla Coco. Là! Là ! Mais arrêtez! Là ! La gosse! Elle

310 2371 188 64 est là!

370 2451 1862 65 Nénesse écrasa le frein. La Simca tira à gauche en s’arrêtant. L’œil dans

308 2521 1926 66 le rétroviseur, Nénesse bascula frénétiquement le volant. Il ressentit un

310 2596 1920 68 élancement violent dans le côté. Dérapant, la Simca fit demi-tour sur place,

308 2668 1924 62 coupant la route à une 4 CV qui venait en face. Coco et Thompson étaient à

306 2737 1924 72 demi levés sur leurs sièges. La Simca avait dépassé Julie et Peter de

308 2813 1922 64 cinquante mètres. La jeune fille restait debout au bord du trottoir planté de

306 2882 726 76 platanes, immobile, hagarde.
