2550 3301
1104 610 334 64 QUATORZE

368 867 1868 68 Un peu après treize heures, tandis que tout le monde était attablé devant un

306 940 1926 64 rôti de porc, la radio parla de Peter et Julie. « C’est peut-être une nouvelle

308 1014 1924 64 affaire d’enlèvement qui commence », annonça le chef des speakers d’un air

306 1085 1926 64 concentré, entre deux bouts de pub. « Oui, en effet, Jacques Paoli », attaqua

310 1157 1915 71 son voisin de micro. Et, bref, un enfant de sept ans, le petit Peter Hartog,

310 1232 1920 60 neveu de Gérard Hartog, qui était sorti avec sa nurse dans la matinée de

308 1303 1922 61 mercredi, n’avait pas reparu au domicile de l’industriel. La nurse non plus

308 1373 1924 64 n’avait pas reparu, et les policiers chargés de l’enquête n’excluaient pas la

306 1441 1924 77 possibilité d’un rapt. En effet, la nurse venait de faire un séjour dans une

310 1518 1926 70 maison de repos. Etc... Etc. Jacques Paoli répliqua que, sur ce point, il était

310 1591 1924 63 sans doute encore trop tôt pour se prononcer. Affaire à suivre, donc. Et on

308 1663 1920 62 allait passer à autre chose, mais auparavant, une page de publicité.

317 1734 688 63 Thompson éteignit la radio.

374 1811 614 68 — Finissons de manger.

372 1888 1862 70 Il versa du vin à Julie et lui adressa un mince sourire. Soudain il eut un

310 1965 1920 63 haut-le-cœur. La main sur la bouche, il se précipita dans le coin latrines. Des

310 2039 1924 62 nausées bruyantes retentirent. La jeune fille jeta un regard circulaire aux

310 2125 256 46 convives.

381 2189 1849 72 — La police est prévenue, dit-elle. Il est encore temps de nous laisser

308 2261 1581 66 aller. Vous savez bien que ça ne réussit jamais, les kidnappings.

374 2338 719 71 — Ta gueule! cria Nénesse.

377 2420 1853 64 Thompson revint, le visage tout en sueur et couleur de papier mâché. Il

310 2492 1920 64 sortit de la serviette de cuir brun une boîte de fer et en tira des cuillerées de

310 2565 1665 70 granulés noirs qu’il se mit à mâcher, assis au bord d’une couchette.

374 2644 1860 64 Julie avala son verre de vin pour se calmer. Elle sut immédiatement qu’on

310 2717 810 61 avait mis quelque chose dedans.

376 2796 882 70 — Vous m’avez mis un somnifère?

376 2873 924 72 Elle avait un goût amer sur la langue.
