2550 3301
1051 605 442 68 TRENTE-ET-UN

370 865 1866 70 Quand Julie revint une première fois à elle, elle était seule et nue dans un

305 940 1922 72 lit bas, au milieu d’une pièce voûtée. L’angoisse lui tordit les tripes. Où était

310 1012 504 73 Peter? Elle appela.

374 1094 260 65 — Peter!

372 1171 1860 65 Elle s’entendit à peine, elle se crut sourde. Elle tenta de se dresser et ne

308 1247 1922 69 parvint pas à se mettre sur les coudes. Sa tête retomba sur le traversin sans

310 1316 1924 66 taie. La jeune fille roula avec difficulté sur le côté. Elle essaya de nouveau

308 1391 227 59 de crier.

381 1472 714 70 — Heu... fit sa gorge sèche.

372 1545 1864 66 Si on l’entendait à soixante centimètres à la ronde, c’était le bout du

308 1621 1924 62 monde. Julie apercevait un sol dallé de pierre, une chaise rouge, en plastique

310 1696 1922 60 à trous, comme on en voit aux terrasses des bars de province, puis un grand

308 1766 1922 60 mur de pierres nues dans lequel s’ouvrait une porte fenêtre. Une lumière

308 1835 1922 72 aveuglante régnait à l’extérieur. De l’autre côté de la porte, Julie ne

308 1907 1713 66 distinguait rien que des ombres laiteuses dans un excès de blancheur.

372 1987 1860 70 Immédiatement après, la jeune fille revint à elle pour la seconde fois, la

308 2061 1924 64 lumière était devenue orange. Julie se poussa vers le bord du lit et se laissa

310 2132 1918 63 tomber sur le sol. Elle ressentit au bras une douleur vague. Elle se palpa.

308 2204 1926 66 Une bande Velpeau lui entourait le biceps et elle ne pouvait pas plier son

308 2277 1352 74 coude droit. Fuentès apparut dans l’embrasure orange.

370 2356 1356 70 — Qu’est-ce que vous foutez par terre? demanda-t-il.

372 2433 1858 75 — Espèce d’assassin! répliqua faiblement Julie en cherchant en vain une

308 2514 157 53 arme.

372 2583 1864 74 Fuentès se baissa et empoigna la jeune fille. Il était torse nu, en pantalon

308 2657 1922 99 de toile blanche, et leurs peaux se touchèrent tandis qu’il remettait Julie dans

310 2725 150 64 le lit.

381 2811 1847 71 — Où est Peter? Où est Hartog? Qu’est-ce que vous voulez? Vous

310 2882 469 72 voulez me violer?
