2550 3301
1020 607 506 67 TRENTE-QUATRE

374 867 1858 66 Hartog passait de plus en plus de temps dans sa chaise longue, au bord de

305 946 1922 63 la Méditerranée. Les lèvres du rousseau étaient très gonflées à force de

310 1017 1922 59 morsures. Les battements de ses cils clairs étaient plus rapides que la

308 1087 1920 62 normale. Il laissait errer ses regards sur la mer. Au loin, des voiliers

310 1155 1918 73 glissaient mollement — le vent était faible. Plus près du rivage, une petite

311 1230 1241 62 barque à rames, ventrue, se balançait sur la houle.

372 1305 648 72 Dédé apporta le courrier.

377 1388 978 69 — Ouvrez-le, dit Hartog. Lisez-le moi.

372 1470 1858 63 Dédé hésita, puis tira une lime à ongles de sa poche poitrine et ouvrit les

306 1540 1924 66 enveloppes. Il jetait les envois sur une table basse, près du rousseau, au fur

306 1613 704 63 et à mesure qu’il énumérait.

377 1692 1853 63 — Facture de fournisseur local... Offre d’abonnement à une collection de

310 1762 1671 68 livres intitulée Le martyrologe d’Éros... Un rapport de Miss Boyd.

374 1844 242 70 — Lisez.

374 1927 1352 59 — Humm. Monsieur, je porte à votre connaissance...

376 2004 1854 70 — Pas à voix haute, coupa Hartog. Lisez, et dites-moi s’il y a quelque

306 2075 479 70 chose d’important.

374 2154 1264 65 Dédé se tut et, debout, parcourut les deux feuillets.

370 2233 1860 74 — Elle dit que votre absence est de plus en plus gênante, fit-il enfin. Elle

308 2308 1922 63 énumère les affaires pendantes. Elle vous assure de sa compréhension, mais

308 2382 1922 69 elle insiste pour que vous rentriez à Paris ou que vous déléguiez votre

310 2450 526 73 pouvoir de décision.

376 2530 1001 70 — De quoi se mêle-t-elle? cria Hartog.

372 2609 1855 73 Dédé ne répondit pas et posa la lettre avec les autres, sur la table basse,

310 2684 974 72 après l’avoir remise dans l’enveloppe.

376 2761 1737 74 — Bon, ça ira, ça suffira, dit le rousseau. Je ne veux pas être dérangé.

370 2840 468 74 — Oui, Monsieur.
