2550 3301
1051 605 445 75 VINGT-QUATRE

368 869 1864 64 Coco regarda des morceaux de jouets en matière plastique gicler sur la

310 955 1920 55 trajectoire de sa balle. Il tremblait. Il avait en main un vieux revolver Colt,

311 1015 1923 63 solide et primitif, avec une tendance à tirer trop à droite. L’espace d’un

308 1085 1924 64 instant, il aperçut Julie et Peter dans une travée et il tira de nouveau et écorna

310 1157 489 62 un baril de lessive.

368 1234 1862 73 Coco s’attendait à ce que les gens se précipitent sur lui. Au contraire, ils

310 1309 1920 62 s’écartaient. Ils s’écartaient à toutes jambes, ils piaillaient, ils tombaient les

311 1382 1919 61 uns sur les autres. Une mémé était couchée à trois mètres de distance, les

310 1450 1920 64 bras repliés autour de la tête, et ses jambes s’agitaient hystériquement. Elles

308 1533 1922 58 étaient variqueuses. Coco se détourna et regarda derrière lui, vers les portes

310 1608 1918 51 de verre donnant sur l’esplanade. Des gens sortaient, certains à quatre pattes.

310 1670 1922 59 D’autres arrivaient en courant. Coco tira deux fois dans les portes et de

310 1740 1920 71 grands morceaux de verre dégringolèrent et éclatèrent. La foule recula et se

310 1821 660 53 dispersa tumultueusement.

372 1890 1156 72 — Thompson! cria le malfrat. Taillons-nous!

372 1971 1860 66 Pas de réponse discernable dans le brouhaha. La musique de fond s’arrêta

311 2048 1919 62 soudain dans un horrible grincement. Quelqu’un avait sévèrement bousculé le

310 2118 1709 71 pick-up. Une voix tremblante résonna d’un bout à l’autre du magasin.

377 2195 1562 71 — Plus personne ne bouge! Couchez-vous! C’est un hold-up!

374 2277 1856 63 Agacé, Coco leva les yeux et vit le speaker ému, en blouse, perché dans

310 2349 1920 62 une cabine vitrée au-dessus du rayon d’alimentation. Il logea une balle dans

308 2417 1924 71 le haut de la cabine et le héros tomba hâtivement de sa chaise et disparut en

310 2497 177 66 jurant.

372 2571 592 67 — Con, observa Coco.

368 2651 1862 64 C’est étonnant comme il peut se passer des choses en vingt-cinq secondes.

310 2725 1920 64 Coco entendit Thompson tirer, une fois, deux fois, trois fois. Les hurlements

308 2796 1926 72 persistaient. Le colosse blond, très énervé, contourna les articles de sports et

310 2868 836 69 fila le long des vins et spiritueux.
