2550 3301
381 297 1847 71 — Ne nous énervons pas dit Thompson. Cette jeune femme n’a pas tort.

310 370 1913 64 Mais qui peut se vanter de n’être pas un beau dégueulasse? Les minables?

313 445 286 61 Même pas.

376 522 1722 70 — Je connais la chanson, dit Julie. Dans un monde de loups, etc., etc.

377 601 1464 64 Thompson s’assit et posa ses avant-bras à plat sur la table.

374 684 1856 69 — Mais c’est très vrai, fit-il d’un ton papelard. Dans un monde de

311 761 211 66 loups...

372 832 1860 64 Julie lui jeta son café brûlant à la figure et plongea vers la porte. Peter se

308 904 1926 73 précipita à sa suite. Le colosse blond cueillit la jeune fille d’un gauche au

310 979 1924 60 menton et elle tomba. Peter se mit à hurler et se rua vers la carabine. Au

308 1048 1865 74 passage, sans se lever de table, Thompson attrapa l’enfant par les cheveux.

374 1131 1223 70 — Ne bouge pas. Ne bouge pas ou je te fais mal.

372 1208 1864 64 Il avait saisi une pleine poignée de cheveux roux et la tordait. Il dégouttait

308 1280 1924 62 de café. De la main gauche, il sortit un mouchoir blanc et se tamponna le

311 1355 191 69 visage.

368 1430 1864 66 Cependant, Bibi et le chauffeur avaient empoigné Julie par les bras. Ils la

306 1505 1928 64 remorquèrent contre la cloison, l’y adossèrent. Le colosse blond poussa un

310 1577 1763 69 grognement et frappa la jeune fille au ventre. Elle poussa un hurlement.

383 1654 1851 73 — Stop! cria Thompson. Ne la marque pas, il ne faut pas qu’elle soit

308 1731 246 69 marquée.

376 1810 1482 67 — Faut tout de même qu’elle comprenne! ragea le colosse.

374 1885 1585 71 — Elle va comprendre, regardez, mademoiselle, dit Thompson.

368 1965 1864 66 Julie, écartelée par les deux types qui la tenaient, se convulsait de douleur

308 2041 1926 69 et essayait vainement de replier ses genoux contre son ventre. Elle poussait

310 2112 1918 72 de petits gémissements précipités et rauques. Thompson souleva Peter en le

311 2187 578 59 tenant par les cheveux.

377 2261 921 71 — Regardez, voyons, mademoiselle.

374 2343 1599 64 L'enfant gigotait et criait. Il se mit à pleurer de toutes ses forces.

374 2420 701 63 — Arrêtez! demanda Julie.

372 2497 1855 70 Elle avait de la peine à tenir sa tête droite. Ses cheveux lui tombaient dans

311 2571 241 77 la figure.

376 2649 596 74 — Vous avez compris?

374 2732 812 72 — Arrêtez! Je vous en supplie!

376 2813 590 69 — Vous avez compris?

379 2893 431 70 — J’ai compris!
