<?xml version="1.0" encoding="UTF-8"?>
<alto xmlns:xsi="http://www.w3.org/2001/XMLSchema-instance"
      xmlns="http://www.loc.gov/standards/alto/ns-v4#"
      xsi:schemaLocation="http://www.loc.gov/standards/alto/ns-v4# http://www.loc.gov/standards/alto/v4/alto-4-2.xsd">
  <Description>
    <MeasurementUnit>pixel</MeasurementUnit>
    <sourceImageInformation>
      <fileName>page_00078.png</fileName>
      
    </sourceImageInformation>
  </Description>
  
  <Tags>
    <OtherTag ID="BT11002" LABEL="MaineZone" DESCRIPTION="block type MaineZone"/><OtherTag ID="BT11004" LABEL="TitlePageZone" DESCRIPTION="block type TitlePageZone"/><OtherTag ID="BT11005" LABEL="RunningTitleZone" DESCRIPTION="block type RunningTitleZone"/><OtherTag ID="BT11006" LABEL="NumberingZone" DESCRIPTION="block type NumberingZone"/><OtherTag ID="BT11009" LABEL="MainZone" DESCRIPTION="block type MainZone"/><OtherTag ID="BT11010" LABEL="QuireMarksZone" DESCRIPTION="block type QuireMarksZone"/>
    <OtherTag ID="LT4328" LABEL="DefaultLine" DESCRIPTION="line type DefaultLine"/><OtherTag ID="LT4329" LABEL="HeadingLine" DESCRIPTION="line type HeadingLine"/><OtherTag ID="LT4330" LABEL="default" DESCRIPTION="line type default"/>
  </Tags>
  
  <Layout>
    <Page WIDTH="2550"
          HEIGHT="3301"
          PHYSICAL_IMG_NR="73"
          ID="eSc_dummypage_">
      <PrintSpace HPOS="0"
                  VPOS="0"
                  WIDTH="2550"
                  HEIGHT="3301">
        
        <TextBlock HPOS="284.2135009765625"
                   VPOS="265.43060302734375"
                   WIDTH="1971.6959228515625"
                   HEIGHT="1329.8948364257812"
                   ID="block_0"
                   TAGREFS="BT11009">
          <Shape><Polygon POINTS="284.214 265.431 2255.91 265.431 2255.91 1595.33 284.214 1595.33 284.214 265.431"/></Shape>
          
          
          <TextLine ID="line_0"
                    TAGREFS="LT4328"
                    BASELINE="376 346 739 342" 
                    HPOS="374"
                    VPOS="293"
                    WIDTH="365"
                    HEIGHT="77">
            <Shape><Polygon POINTS="376 346 376 361 550 370 552 370 554 370 555 370 568 361 682 368 684 368 737 357 739 342 735 308 601 306 576 293 574 293 572 293 502 309 473 295 471 295 469 295 467 295 423 306 390 295 388 295 387 295 385 295 383 295 383 297 374 304 376 346"/></Shape>
	    <String CONTENT="Julie grimaça."
                    HPOS="374"
                    VPOS="293"
                    WIDTH="365"
                    HEIGHT="77"
                    WC="0.9971659898757934"></String>
          </TextLine>

          
          
          <TextLine ID="line_1"
                    TAGREFS="LT4328"
                    BASELINE="387 423 891 429" 
                    HPOS="385"
                    VPOS="377"
                    WIDTH="506"
                    HEIGHT="70">
            <Shape><Polygon POINTS="387 423 385 434 554 447 555 447 889 440 891 429 891 394 869 381 867 381 865 381 864 381 752 392 724 379 722 379 720 379 719 379 689 392 610 381 609 381 607 381 605 381 587 392 555 377 554 377 552 377 387 388 387 423"/></Shape>
	    <String CONTENT="— Finis ton dessert."
                    HPOS="385"
                    VPOS="377"
                    WIDTH="506"
                    HEIGHT="70"
                    WC="0.9722008377313613"></String>
          </TextLine>

          
          
          <TextLine ID="line_2"
                    TAGREFS="LT4328"
                    BASELINE="399 517 823 502" 
                    HPOS="393"
                    VPOS="451"
                    WIDTH="427"
                    HEIGHT="71">
            <Shape><Polygon POINTS="396 514 396 522 820 519 820 500 815 456 476 451 473 451 393 467 396 514"/></Shape>
	    <String CONTENT="— J’ai plus faim."
                    HPOS="393"
                    VPOS="451"
                    WIDTH="427"
                    HEIGHT="71"
                    WC="0.9941590743906358"></String>
          </TextLine>

          
          
          <TextLine ID="line_3"
                    TAGREFS="LT4328"
                    BASELINE="374 586 2228 583" 
                    HPOS="372"
                    VPOS="537"
                    WIDTH="1856"
                    HEIGHT="66">
            <Shape><Polygon POINTS="374 586 374 603 2227 603 2228 583 2225 550 1882 550 1851 537 1849 537 1847 537 1773 548 1751 537 1750 537 1647 537 1645 537 1643 537 1612 548 1570 537 1568 537 1566 537 1438 548 1419 537 1418 537 1416 537 1308 537 1306 537 1304 537 1256 550 1252 550 1251 550 1216 540 1214 540 1212 540 1104 550 1095 550 1093 550 1069 539 1067 539 1065 539 1010 550 1008 550 1005 550 970 540 968 540 966 540 805 550 794 550 772 539 770 539 768 539 513 550 504 550 480 539 478 539 387 539 385 539 383 539 381 539 372 544 374 586"/></Shape>
	    <String CONTENT="Julie paya. Elle compta l’argent qui lui restait. Moins de quatre cents"
                    HPOS="372"
                    VPOS="537"
                    WIDTH="1856"
                    HEIGHT="66"
                    WC="0.9997085416820687"></String>
          </TextLine>

          
          
          <TextLine ID="line_4"
                    TAGREFS="LT4328"
                    BASELINE="313 660 898 656" 
                    HPOS="311"
                    VPOS="608"
                    WIDTH="587"
                    HEIGHT="65">
            <Shape><Polygon POINTS="313 660 313 673 897 671 898 656 891 612 864 621 818 614 785 608 783 608 781 608 779 608 779 610 774 614 766 623 566 623 550 619 508 610 506 610 504 610 471 621 465 623 453 623 324 610 322 610 321 610 319 610 319 612 311 618 313 660"/></Shape>
	    <String CONTENT="francs. Comme ça file!"
                    HPOS="311"
                    VPOS="608"
                    WIDTH="587"
                    HEIGHT="65"
                    WC="0.9965566344883131"></String>
          </TextLine>

          
          
          <TextLine ID="line_5"
                    TAGREFS="LT4328"
                    BASELINE="377 737 864 737" 
                    HPOS="377"
                    VPOS="689"
                    WIDTH="487"
                    HEIGHT="61">
            <Shape><Polygon POINTS="377 737 377 750 864 750 864 737 864 706 810 689 809 689 807 689 737 706 722 693 722 691 720 691 719 691 673 689 671 689 669 689 667 689 667 691 651 707 631 707 478 689 476 689 475 689 473 689 473 691 456 707 377 707 377 737"/></Shape>
	    <String CONTENT="— Allons, dit-elle."
                    HPOS="377"
                    VPOS="689"
                    WIDTH="487"
                    HEIGHT="61"
                    WC="0.9871125440848502"></String>
          </TextLine>

          
          
          <TextLine ID="line_6"
                    TAGREFS="LT4328"
                    BASELINE="379 816 974 819" 
                    HPOS="377"
                    VPOS="770"
                    WIDTH="597"
                    HEIGHT="71">
            <Shape><Polygon POINTS="379 816 377 823 456 825 471 838 473 838 475 838 476 839 530 839 530 838 532 838 533 838 546 827 559 838 561 838 563 838 565 839 616 839 616 838 618 838 640 827 678 839 680 839 682 839 684 839 686 839 702 828 717 839 719 839 720 839 722 841 770 841 770 839 772 839 774 839 787 828 803 839 805 839 807 839 809 839 865 828 906 838 908 838 909 838 911 838 946 828 955 838 957 838 959 838 961 838 963 838 964 838 964 836 972 827 974 819 970 772 931 784 875 777 873 777 871 777 869 777 869 779 860 786 810 775 796 772 794 772 772 775 717 786 671 777 665 777 664 777 662 777 658 777 636 784 629 779 621 772 621 770 620 770 618 770 616 770 576 779 554 784 546 781 532 770 530 770 528 770 473 770 471 770 469 770 467 770 467 772 456 783 453 784 379 784 379 816"/></Shape>
	    <String CONTENT="— Où est-ce qu’on va?"
                    HPOS="377"
                    VPOS="770"
                    WIDTH="597"
                    HEIGHT="71"
                    WC="0.9868479506535963"></String>
          </TextLine>

          
          
          <TextLine ID="line_7"
                    TAGREFS="LT4328"
                    BASELINE="381 893 728 896" 
                    HPOS="379"
                    VPOS="849"
                    WIDTH="349"
                    HEIGHT="58">
            <Shape><Polygon POINTS="381 893 379 904 724 907 728 896 728 867 702 856 700 856 698 856 625 861 614 852 614 850 612 850 610 850 609 850 541 860 526 849 524 849 522 849 521 849 381 861 381 893"/></Shape>
	    <String CONTENT="— Marchons."
                    HPOS="379"
                    VPOS="849"
                    WIDTH="349"
                    HEIGHT="58"
                    WC="0.9670269435102289"></String>
          </TextLine>

          
          
          <TextLine ID="line_8"
                    TAGREFS="LT4328"
                    BASELINE="374 979 2232 975" 
                    HPOS="372"
                    VPOS="926"
                    WIDTH="1860"
                    HEIGHT="66">
            <Shape><Polygon POINTS="374 992 2230 988 2232 975 2228 938 2177 926 2175 926 2173 926 2140 938 2062 938 2041 926 2040 926 2038 926 2036 926 2034 926 2006 937 1977 926 1975 926 1973 926 1972 926 1946 937 1946 938 1762 938 1762 937 1726 926 1724 926 1722 926 1720 926 1685 935 1616 926 1614 926 1612 926 1610 926 1592 937 1590 938 1473 938 1471 937 1452 926 1451 926 1449 926 1447 926 1445 926 1414 937 1412 937 1408 937 1315 926 1313 926 1240 937 1234 937 1227 937 1130 927 1128 927 1126 927 1124 927 1109 937 1106 938 1095 937 1053 927 1051 927 986 937 968 938 957 937 924 927 922 927 920 927 878 937 865 938 825 937 697 927 695 927 372 935 374 979"/></Shape>
	    <String CONTENT="Ils errèrent à travers la ville. C’était jour de marché. Le centre de la petite"
                    HPOS="372"
                    VPOS="926"
                    WIDTH="1860"
                    HEIGHT="66"
                    WC="0.998165072446846"></String>
          </TextLine>

          
          
          <TextLine ID="line_9"
                    TAGREFS="LT4328"
                    BASELINE="310 1050 2232 1047" 
                    HPOS="308"
                    VPOS="999"
                    WIDTH="1924"
                    HEIGHT="73">
            <Shape><Polygon POINTS="310 1050 310 1063 744 1072 746 1072 816 1063 821 1061 1434 1061 1443 1061 1524 1070 1526 1070 1689 1061 1700 1061 1709 1061 1906 1070 1907 1070 1909 1070 1940 1061 2115 1070 2117 1070 2184 1061 2203 1070 2205 1070 2206 1070 2208 1070 2232 1059 2232 1047 2230 1008 2208 999 2206 999 2205 999 2203 999 2201 999 2186 1008 2181 1012 2115 1012 2107 1008 2080 999 2078 999 2076 999 2074 999 2073 999 2058 1008 2052 1012 1786 1012 1783 1008 1762 999 1761 999 1682 999 1680 999 1678 999 1645 1010 1641 1010 1638 1010 1603 999 1601 999 1599 999 1526 1010 1520 1010 1513 1010 1440 999 1438 999 1375 1010 1374 1010 1372 1010 1333 999 1331 999 1330 999 1267 1010 1258 1012 1247 1010 1194 1001 1192 1001 1053 1012 1032 1012 1031 1012 1008 1001 1007 1001 1005 1001 963 1010 922 1001 920 1001 919 1001 917 1001 891 1012 889 1012 873 1001 871 1001 869 1001 867 1001 865 1001 832 1010 741 1001 739 1001 737 1001 735 1001 717 1012 715 1014 656 1014 654 1012 640 1003 638 1003 636 1003 634 1003 543 1010 522 1001 521 1001 346 1001 344 1001 343 1001 308 1012 310 1050"/></Shape>
	    <String CONTENT="cité était tout englué de foule et d’éventaires bigarrés. Julie paya une glace à"
                    HPOS="308"
                    VPOS="999"
                    WIDTH="1924"
                    HEIGHT="73"
                    WC="0.98767337410949"></String>
          </TextLine>

          
          
          <TextLine ID="line_10"
                    TAGREFS="LT4328"
                    BASELINE="310 1122 2230 1122" 
                    HPOS="310"
                    VPOS="1074"
                    WIDTH="1920"
                    HEIGHT="63">
            <Shape><Polygon POINTS="310 1122 310 1137 2230 1137 2230 1122 2230 1087 1997 1087 1995 1085 1977 1074 1975 1074 1973 1074 1972 1074 1898 1085 1889 1087 1794 1087 1790 1085 1764 1074 1762 1074 1761 1074 1709 1083 1700 1085 1689 1083 1621 1074 1619 1074 1552 1083 1533 1085 310 1080 310 1122"/></Shape>
	    <String CONTENT="l’enfant. Elle cherchait vaguement une gare routière. Existait-il une gare"
                    HPOS="310"
                    VPOS="1074"
                    WIDTH="1920"
                    HEIGHT="63"
                    WC="0.9914104636510214"></String>
          </TextLine>

          
          
          <TextLine ID="line_11"
                    TAGREFS="LT4328"
                    BASELINE="310 1195 2228 1190" 
                    HPOS="308"
                    VPOS="1144"
                    WIDTH="1920"
                    HEIGHT="64">
            <Shape><Polygon POINTS="310 1195 310 1208 2227 1206 2228 1190 2223 1146 2153 1155 2047 1146 2008 1144 2006 1144 2005 1144 1992 1148 1961 1155 1933 1148 1920 1144 1918 1144 1917 1144 1915 1144 1906 1148 1887 1157 1729 1157 1707 1149 1687 1144 1685 1144 1684 1144 1640 1149 1605 1155 1585 1151 1566 1146 1564 1146 1563 1146 1517 1151 1467 1157 1447 1151 1425 1146 1423 1146 1421 1146 1419 1146 1403 1151 1388 1157 1364 1153 1330 1146 1328 1146 1326 1146 1311 1153 1302 1157 1289 1153 1265 1146 1263 1146 1262 1146 1260 1146 1258 1146 1245 1153 1240 1157 1221 1153 1190 1148 1188 1148 986 1155 898 1159 886 1157 854 1149 853 1149 742 1157 693 1148 691 1148 689 1148 665 1157 533 1148 532 1148 530 1148 510 1157 407 1148 405 1148 308 1160 310 1195"/></Shape>
	    <String CONTENT="routière? Finalement, sur une sorte de boulevard extérieur, près d’un café"
                    HPOS="308"
                    VPOS="1144"
                    WIDTH="1920"
                    HEIGHT="64"
                    WC="0.9901300897965064"></String>
          </TextLine>

          
          
          <TextLine ID="line_12"
                    TAGREFS="LT4328"
                    BASELINE="313 1261 2223 1265" 
                    HPOS="311"
                    VPOS="1215"
                    WIDTH="1912"
                    HEIGHT="72">
            <Shape><Polygon POINTS="313 1261 311 1274 376 1285 377 1287 2221 1287 2223 1265 2221 1225 2085 1217 2084 1217 2082 1217 2063 1225 2051 1228 2006 1225 1942 1217 1940 1217 1906 1225 1885 1228 1867 1225 1840 1217 1838 1217 1836 1217 1834 1217 1821 1225 1812 1228 1794 1225 1766 1217 1764 1217 1762 1217 1761 1217 1742 1225 1729 1228 1718 1225 1698 1217 1696 1217 1695 1217 1662 1225 1643 1228 1627 1225 1599 1217 1597 1217 1596 1217 1594 1217 1577 1225 1568 1228 1546 1225 1506 1217 1504 1217 1502 1217 1500 1217 1489 1225 1480 1230 1419 1230 1407 1225 1383 1217 1381 1217 1379 1217 1377 1217 1375 1217 1364 1225 1355 1230 1293 1230 1286 1225 1265 1215 1263 1215 1262 1215 1130 1225 1098 1226 1084 1225 1021 1215 1020 1215 959 1225 948 1226 941 1225 913 1217 911 1217 909 1217 908 1217 882 1225 875 1228 552 1228 544 1226 497 1215 495 1215 429 1226 420 1226 410 1226 354 1215 352 1215 350 1215 313 1225 313 1261"/></Shape>
	    <String CONTENT="vide, elle trouva un poteau bleu sur lequel on lisait, Arrêt des Cars. Il n’y"
                    HPOS="311"
                    VPOS="1215"
                    WIDTH="1912"
                    HEIGHT="72"
                    WC="0.9936992075198736"></String>
          </TextLine>

          
          
          <TextLine ID="line_13"
                    TAGREFS="LT4328"
                    BASELINE="311 1335 2228 1338" 
                    HPOS="310"
                    VPOS="1289"
                    WIDTH="1918"
                    HEIGHT="62">
            <Shape><Polygon POINTS="311 1335 310 1347 2225 1351 2228 1338 2228 1303 2201 1291 2199 1291 2197 1291 1972 1302 1935 1291 1933 1291 1786 1291 1785 1291 1783 1291 1739 1302 1737 1302 1731 1302 1566 1292 1564 1292 1495 1302 1489 1302 1484 1302 1429 1291 1427 1291 1425 1291 1386 1302 1383 1302 1150 1302 1141 1302 1051 1289 1049 1289 997 1298 977 1289 975 1289 842 1289 840 1289 838 1289 809 1300 807 1302 665 1302 658 1300 576 1289 574 1289 572 1289 570 1289 554 1300 550 1302 451 1302 445 1300 410 1289 409 1289 407 1289 405 1289 383 1300 379 1300 311 1300 311 1335"/></Shape>
	    <String CONTENT="avait pas d’horaire affiché. Carte en main, s’orientant au soleil, la jeune fille"
                    HPOS="310"
                    VPOS="1289"
                    WIDTH="1918"
                    HEIGHT="62"
                    WC="0.9965886677183756"></String>
          </TextLine>

          
          
          <TextLine ID="line_14"
                    TAGREFS="LT4328"
                    BASELINE="310 1406 2228 1410" 
                    HPOS="308"
                    VPOS="1358"
                    WIDTH="1920"
                    HEIGHT="72">
            <Shape><Polygon POINTS="310 1406 308 1419 328 1430 330 1430 332 1430 2227 1424 2228 1410 2225 1360 2041 1371 1984 1360 1977 1360 1975 1360 1973 1360 1970 1360 1928 1371 1885 1362 1880 1360 1878 1360 1876 1360 1874 1360 1871 1362 1851 1373 1570 1364 1473 1360 1471 1360 1469 1360 1462 1364 1441 1375 1390 1375 1361 1364 1346 1360 1344 1360 1342 1360 1341 1360 1326 1364 1297 1373 1269 1366 1247 1358 1245 1358 1243 1358 1241 1358 1216 1366 1192 1371 1174 1366 1152 1358 1150 1358 1148 1358 1115 1366 1087 1373 953 1373 942 1368 928 1358 926 1358 924 1358 922 1358 898 1368 886 1371 865 1368 823 1358 821 1358 783 1368 765 1373 557 1373 550 1369 532 1358 530 1358 528 1358 526 1358 500 1369 495 1371 310 1371 310 1406"/></Shape>
	    <String CONTENT="essaya de comprendre dans quelle direction allait le car qui s’arrêtait là. À"
                    HPOS="308"
                    VPOS="1358"
                    WIDTH="1920"
                    HEIGHT="72"></String>
          </TextLine>

          
          
          <TextLine ID="line_15"
                    TAGREFS="LT4328"
                    BASELINE="308 1481 2230 1478" 
                    HPOS="306"
                    VPOS="1434"
                    WIDTH="1924"
                    HEIGHT="64">
            <Shape><Polygon POINTS="308 1481 308 1498 2228 1494 2230 1478 2227 1443 2128 1434 2126 1434 2124 1434 2122 1434 2109 1443 2106 1445 1895 1445 1891 1443 1854 1434 1852 1434 1851 1434 1849 1434 1819 1443 1816 1445 1518 1445 1517 1443 1462 1434 1460 1434 1386 1443 1348 1434 1346 1434 1344 1434 1262 1445 1247 1445 1170 1445 724 1435 722 1435 607 1445 601 1445 577 1435 576 1435 574 1435 306 1445 308 1481"/></Shape>
	    <String CONTENT="ce moment, une Simca 1500 noire passa à sa hauteur, et, par la vitre arrière"
                    HPOS="306"
                    VPOS="1434"
                    WIDTH="1924"
                    HEIGHT="64"
                    WC="0.9917292159337264"></String>
          </TextLine>

          
          
          <TextLine ID="line_16"
                    TAGREFS="LT4328"
                    BASELINE="313 1553 1295 1553" 
                    HPOS="313"
                    VPOS="1507"
                    WIDTH="982"
                    HEIGHT="62">
            <Shape><Polygon POINTS="313 1569 1295 1569 1295 1553 1295 1518 1271 1507 1269 1507 1267 1507 1265 1507 1240 1518 1218 1507 1216 1507 1214 1507 1159 1518 1155 1520 1036 1520 1032 1516 1012 1507 1010 1507 1008 1507 1007 1507 983 1516 975 1520 820 1520 794 1514 757 1507 755 1507 753 1507 752 1507 746 1512 742 1516 737 1512 731 1507 730 1507 728 1507 726 1507 687 1512 653 1518 638 1512 627 1507 625 1507 537 1507 535 1507 533 1507 522 1511 500 1518 471 1511 458 1507 456 1507 454 1507 453 1507 451 1507 451 1509 449 1511 442 1518 348 1518 315 1509 313 1553 313 1569"/></Shape>
	    <String CONTENT="baissée, Julie vit Coco qui la regardait."
                    HPOS="313"
                    VPOS="1507"
                    WIDTH="982"
                    HEIGHT="62"
                    WC="0.996218448593503"></String>
          </TextLine>

          
        </TextBlock>
        

        
      </PrintSpace>
    </Page>
  </Layout>
</alto>
