2550 3301
381 295 794 69 — Venez! cria-t-elle à Fuentès.

374 377 1858 66 Il entra dans la pièce hexagonale. Il était toujours en short, pieds nus, torse

308 458 1928 64 nu, ses cheveux lui tombaient en mèches sur le front, jusqu’aux yeux. Il tenait

310 522 1924 63 son fusil d’un air assez hésitant. Il s’approcha de Julie, de la fenêtre, vit

308 597 1926 68 Peter qui arrivait en courant et en criant. Hartog et Thompson surgirent au

311 669 1536 62 bord du plateau, à une soixantaine de mètres derrière l’enfant.

376 740 741 76 — C’est Thompson, dit Julie.

374 825 477 69 — Et c’est Hartog.

376 905 249 66 — Oui...

377 986 1855 64 Thompson, campé sur ses jambes, épaulait. Fuentès donna un coup dans la

313 1059 1917 61 vitre avec le canon de son fusil. Le carreau dégringola. Fuentès fit feu.

310 1129 1918 64 Hartog se jeta à plat ventre. Thompson releva le canon de sa carabine et se

310 1206 755 59 mit à courir transversalement.

376 1278 1414 69 — Attention, dit Julie, il va sortir de votre champ visuel.

372 1362 1860 62 Fuentès ne répondit pas. Il tira une seconde, une troisième fois. Entre

308 1434 1922 62 chaque coup, il manœuvrait la coulisse de son fusil semi-automatique. Le

308 1501 1922 68 culot et la douille de carton à demi brûlée giclaient et rebondissaient sur le

310 1577 1924 71 sol de la cuisine. L’herbe et les fleurs frémirent par deux fois, sur un ou deux

310 1650 1918 68 mètres carrés, à proximité de Hartog qui se déplaçait bizarrement, accroupi,

310 1722 878 69 fébrile, comme une petite araignée.

374 1799 1706 62 — Attention à Thompson! cria Julie en tirant Fuentès par la manche.

376 1885 1854 60 Thompson courait, plié en deux, en faisant des sauts de côté. Quant à

308 1953 910 62 Peter, il arrivait droit sur la cuisine.

374 2033 1047 68 — Que ce môme se pousse! cria Fuentès.

372 2110 1864 70 Peter glissa et tomba. Fuentès poussa un soupir et pressa la détente du

311 2184 1923 64 fusil. La silhouette de Hartog sauta en l’air. On aurait dit un acrobate. Un

310 2255 1918 64 instant, ses pieds furent plus haut que sa tête. Il s’écrasa dans l’herbe grasse

308 2327 1709 64 et boula. Le coin de la Tour Maure dissimla Thompson aux regards.

374 2413 923 53 — Ha! fit Fuentès avec satisfaction.

372 2483 1862 67 Julie quitta la cuisine en trombe. Fuentès éjecta la douille. Hartog remuait

310 2558 1476 62 dans l’herbe. Fuentès jeta autour de lui un regard impatient.

374 2635 989 68 — Où sont les cartouches! s’écria-t-il.

368 2714 1862 68 Julie n’était plus là pour lui répondre. Elle surgit en plein air, courant vers

311 2791 1923 62 Peter qui pleurait et gigotait. Il n’avait pas lâché son arc ni ses flèches. Au

308 2860 1926 66 moment où la jeune fille atteignit le seuil de la Tour, quelque chose fit
