2550 3301
310 297 1924 64 aride. Les bouleaux redevinrent nombreux. Julie pénétra enfin dans un

310 368 1920 64 véritable rideau d’arbres. Elle le franchit et se retrouva au sommet d’une

308 441 1920 74 pente assez aride. Une vallée s’ouvrait à ses pieds. Au fond se voyaient les

310 515 1920 60 maisons grises d’un bourg. Une route traversait le village. Julie se mit à

308 588 1922 61 descendre. En cours de route, prenant conscience de son apparence, elle

310 654 1920 68 s’arrêta derrière un rocher pour enlever son collant déchiré et débroussailler

310 729 1917 68 ses cheveux. Pendant ce temps, le ciel se couvrait. En approchant du village,

308 808 1926 55 Julie entendit par les fenêtres ouvertes des maisons la radio qui transmettait

308 874 1924 70 le reportage en direct d’un match de football comptant pour la coupe

308 944 1922 64 d’Europe des clubs. La jeune fille atteignit la limite des jardinets cultivés

308 1017 1922 63 derrière les maisons. Elle enjamba une clôture de grillage, suivit un sentier

308 1091 1840 71 pierreux et se retrouva dans la rue principale, qui était également la route.

370 1170 1860 73 Julie s’attendait un peu à ce que tout un chacun se précipite vers elle pour

311 1245 1919 60 l’acclamer ou l’interroger. Mais les deux ou trois passants qu’elle vit ne lui

308 1313 1920 66 accordèrent aucune attention. Quant aux jeunes gens attablés à la buvette, ils

308 1384 1922 66 regardèrent les jambes de l’inconnue. L’un d’eux siffla. Le port droit, Julie

310 1463 502 59 continua sa marche.

368 1533 1860 67 Elle s’arrêta devant la Mercerie-Tabac-Journaux à la devanture émaillée.

308 1606 1922 64 France-Soir était affiché sur un panneau de contreplaqué et la photo de Julie

306 1678 1926 66 était en première page. Une mauvaise photo vieille de plusieurs années. La

308 1753 1926 71 nurse du petit Peter venait de suivre un traitement psychiatrique, lisait-on

310 1826 1922 61 en caractères moyens, et en dessous, en plus petit, Elle disparaît avec

311 1896 450 73 l’enfant (page 3).

372 1976 1860 63 Julie n’entra pas acheter le journal. Elle s’éloigna vivement, se figea

308 2046 1922 72 soudain. De l’autre côté de la route, à l’extrémité du village, à cinquante

308 2118 1920 67 mètres de Julie se détachait l’enseigne tricolore de la gendarmerie nationale.

310 2193 1920 60 Sur ces entrefaites, il se mit à pleuvoir. Il était simple de courir vers le

311 2266 1923 61 bâtiment, s’y abriter de la pluie, s’y remettre aux mains de la police aux

311 2345 1921 55 fortes cuisses. Julie virevolta au bord du petit trottoir. Une voiture arrivait à

310 2409 1920 63 travers l’averse. La jeune fille tendit le bras, pouce en haut. Tiens, constata-

308 2479 1926 64 t-elle, j’ai perdu mon pistolet. L’auto, une 204 bleu clair, stoppa en faisant

306 2549 1926 75 jaillir des éclaboussures. La portière s’ouvrit. Le conducteur était un

313 2626 615 62 quadragénaire rubicond.

374 2701 590 68 — Montez. Pithiviers?

376 2778 1031 77 — Oui, oui, dit Julie, je vais à Pithiviers.
