2550 3301
975 605 586 69 QUARANTE-ETE-UN

370 867 1866 64 Ultérieurement, Fuentès devait subir plusieurs opérations et survivre, et

310 944 1920 60 Julie être gardée à vue pendant une semaine, le temps de tirer au clair ses

308 1012 1922 66 explications confuses. Et tout d’abord, il lui fallut rassembler assez de forces

308 1087 1926 70 pour accomplir une marche de plusieurs kilomètres avant de rencontrer un

310 1159 1924 64 berger qui lui porta assistance. Et plus tard, elle devait refaire un séjour en

308 1230 1926 61 maison de santé avant de se perdre dans le vaste monde. Et elle ne revit

310 1303 603 66 jamais Peter ni Fuentès.

372 1379 1864 71 Mais auparavant, l’enfant était sur le toit du labyrinthe, contemplant

310 1454 1920 62 l’amoncellement fumant qui contenait le cadavre carbonisé de son oncle. Il

310 1525 1918 66 ne comprenait pas bien comment l’oncle s’était retrouvé du côté des bandits,

310 1597 1918 62 mais comme il avait toujours détesté le rousseau, le problème ne lui

308 1679 673 59 paraissait guère important.

370 1745 1866 76 Il quitta son poste d’observation, rejoignit l’escalier où avait disparu

310 1821 1924 64 Julie. Ce faisant, l’enfant accomplit des acrobaties inutiles. Il descendit enfin

311 1892 982 70 l’escalier et trouva Julie qui sanglotait.

381 1975 1178 71 — T’es pas morte, remarqua-t-il. T’es blessée.

372 2052 1860 60 Julie le regarda et le serra contre elle sans cesser de pleurer

310 2123 1920 70 convulsivement, incapable d’articuler un mot, terrifiée à l’idée que Hartog

308 2196 1922 63 allait surgir. Peter échappa à son étreinte qui lui donnait chaud, s’avança

308 2268 1755 64 dans le couloir, contempla avec intérêt les restes hideux de Thompson.

388 2347 652 70 — T’es mort, déclara-t-il.

372 2424 1856 68 Il piqua le cadavre avec le bout de son arc afin d’en être sûr. Puis il

308 2499 1924 72 poursuivit son chemin, à la recherche de Fuentès, mais il s’égara à moitié

308 2569 1924 69 dans la maison et ne découvrit pas le blessé grave. Il finit par déboucher à

310 2644 1920 62 l’air libre, du côté de la maison opposé au four à potier. L’air était pur. Il

310 2714 1922 64 faisait vachement beau. Peter se félicita du retard apporté à son départ par la

310 2785 1922 66 fusillade. Son oreille était douloureuse quand il y touchait, mais il n’avait

310 2859 1546 73 pas envie qu’on y mette de l’alcool. Il partit jouer aux Indiens.
