2550 3301
381 298 1847 70 Thompson était allongé sur une couchette, sa carabine entre lui et le mur,

310 368 1918 66 le long de son corps. Il regardait le plafond. Ses mains étaient croisées sur

313 445 1167 61 son estomac. Il avait de petits renvois discrets.

374 520 528 74 Un ulcère, peut-être.

376 601 1475 62 — Qu’est-ce que nous attendons? finit par demander Julie.

377 682 1853 62 Thompson s’assit au bord de sa couche, laissant pendre ses grandes

306 762 1924 63 jambes maigres. Il se voûtait pour ne pas heurter le plafond avec sa tête. Ses

310 828 1922 70 yeux étaient rouges. Les taches de café se voyaient sur sa veste et son

311 898 233 70 plastron.

372 975 1216 72 — Oui, au fait, j’ai une lettre à vous faire signer.

374 1056 385 70 — Une lettre?

379 1133 1851 68 Thompson descendit lourdement sur le plancher. Il se baissa pour fouiller

313 1212 1919 60 sous la couchette inférieure et fourragea dans une serviette de cuir brun

313 1280 1829 64 fatiguée. Il en tira une lettre tapée à la machine et vint l’étaler sur la table.

376 1360 420 70 — Venez signer.

374 1437 772 74 — Vous permettez que je lise!

381 1522 472 67 — Si vous voulez.

370 1593 1858 70 Julie s’assit à la table. La lettre était adressée à Hartog. Il y avait des

311 1668 863 74 fautes de frappe. La jeune fille lut.

368 1786 1859 60 Monsieur Je vous écris pour vous dire que j’ai le petit Peter avec moi.

306 1857 1926 61 Cela m’a pris subitement de l’emmener, comme une impulsion. À présent

306 1927 1924 68 que j’ai recouvré mon calme, il serait bien simple de revenir vers vous

306 1998 1926 63 avec l’enfant. Précisément ce serait trop simple. Je vois clair enfin. J’ai

306 2070 1922 64 ras-le-bol de toutes les humiliations que vous me faites subir vous et vos

304 2140 1926 66 semblables. Mort aux Vaches!!! Mort aux riches!!! J’ai le droit de profiter

306 2215 1921 64 comme vous de l’existence. Je veux de l’argent. Si vous prévenez la police,

302 2286 1928 76 je pendrai Peter avec une corde. Ou bien je couperai son petit corps dans

306 2360 1922 62 tous les sens avec mon couteau. Suivez bien plutôt mes instructions, taisez-

308 2433 1924 68 vous, attendez ma prochaine lettre que je vous explique comment me

304 2501 1926 64 donner l’argent. Préparez un million de NF en petites coupures. N’ayez

304 2578 1137 70 pas peur pour Peter tant que vous êtes sage.

370 2681 1860 66 Julie regarda Thompson. La jeune fille enfonça ses ongles dans le bois de

308 2756 1919 70 la table. Une contraction nerveuse abaissa les coins de sa bouche et ses dents

310 2829 909 61 se découvrirent en un rictus de mort.
