<?xml version="1.0" encoding="UTF-8"?>
<alto xmlns:xsi="http://www.w3.org/2001/XMLSchema-instance"
      xmlns="http://www.loc.gov/standards/alto/ns-v4#"
      xsi:schemaLocation="http://www.loc.gov/standards/alto/ns-v4# http://www.loc.gov/standards/alto/v4/alto-4-2.xsd">
  <Description>
    <MeasurementUnit>pixel</MeasurementUnit>
    <sourceImageInformation>
      <fileName>page_00112.png</fileName>
      
    </sourceImageInformation>
  </Description>
  
  <Tags>
    <OtherTag ID="BT11002" LABEL="MaineZone" DESCRIPTION="block type MaineZone"/><OtherTag ID="BT11004" LABEL="TitlePageZone" DESCRIPTION="block type TitlePageZone"/><OtherTag ID="BT11005" LABEL="RunningTitleZone" DESCRIPTION="block type RunningTitleZone"/><OtherTag ID="BT11006" LABEL="NumberingZone" DESCRIPTION="block type NumberingZone"/><OtherTag ID="BT11009" LABEL="MainZone" DESCRIPTION="block type MainZone"/><OtherTag ID="BT11010" LABEL="QuireMarksZone" DESCRIPTION="block type QuireMarksZone"/>
    <OtherTag ID="LT4328" LABEL="DefaultLine" DESCRIPTION="line type DefaultLine"/><OtherTag ID="LT4329" LABEL="HeadingLine" DESCRIPTION="line type HeadingLine"/><OtherTag ID="LT4330" LABEL="default" DESCRIPTION="line type default"/>
  </Tags>
  
  <Layout>
    <Page WIDTH="2550"
          HEIGHT="3301"
          PHYSICAL_IMG_NR="107"
          ID="eSc_dummypage_">
      <PrintSpace HPOS="0"
                  VPOS="0"
                  WIDTH="2550"
                  HEIGHT="3301">
        
        <TextBlock HPOS="292"
                   VPOS="541"
                   WIDTH="1968"
                   HEIGHT="2377"
                   ID="block_1"
                   TAGREFS="BT11009">
          <Shape><Polygon POINTS="2260 541 2260 2918 292 2918 292 541"/></Shape>
          
          
          <TextLine ID="line_27"
                    TAGREFS="LT4329"
                    BASELINE="1053 660 1491 656" 
                    HPOS="1051"
                    VPOS="607"
                    WIDTH="440"
                    HEIGHT="66">
            <Shape><Polygon POINTS="1053 673 1489 671 1491 656 1485 607 1051 608 1053 660"/></Shape>
	    <String CONTENT="TRENTE-TROIS"
                    HPOS="1051"
                    VPOS="607"
                    WIDTH="440"
                    HEIGHT="66"
                    WC="0.9997248649597168"></String>
          </TextLine>

          
          
          <TextLine ID="line_0"
                    TAGREFS="LT4328"
                    BASELINE="372 918 2236 918" 
                    HPOS="372"
                    VPOS="869"
                    WIDTH="1864"
                    HEIGHT="66">
            <Shape><Polygon POINTS="372 918 372 935 2236 935 2236 918 2236 880 2153 869 2151 869 2150 869 2111 878 2111 880 1966 880 1964 878 1950 869 1948 869 1946 869 1944 869 1869 878 1867 878 1803 869 1801 869 1757 878 1755 878 1704 869 1702 869 1700 869 1663 878 1662 878 1610 869 1608 869 1541 878 1537 880 1383 880 1381 878 1366 869 1364 869 1363 869 1252 869 1251 869 1249 869 1247 869 1232 878 1230 880 1106 880 1104 878 1089 869 1087 869 1086 869 1084 869 1082 869 1051 878 1047 880 853 880 849 878 827 869 825 869 823 869 785 878 779 878 774 878 722 869 720 869 372 876 372 918"/></Shape>
	    <String CONTENT="Julie portait à présent son short taché de sang et la chemise d’homme dont"
                    HPOS="372"
                    VPOS="869"
                    WIDTH="1864"
                    HEIGHT="66"
                    WC="0.9914736337475962"></String>
          </TextLine>

          
          
          <TextLine ID="line_1"
                    TAGREFS="LT4328"
                    BASELINE="308 990 2230 990" 
                    HPOS="308"
                    VPOS="944"
                    WIDTH="1922"
                    HEIGHT="66">
            <Shape><Polygon POINTS="308 990 308 1004 2228 1010 2230 990 2230 955 2001 955 1962 944 1961 944 1959 944 1913 953 1858 944 1856 944 1854 944 1834 955 1726 955 1682 944 1680 944 1678 944 1654 955 1524 955 1429 944 1427 944 1425 944 1405 955 1150 955 1047 944 1045 944 988 953 928 944 926 944 924 944 922 944 906 955 763 955 647 944 645 944 566 953 515 944 513 944 409 953 343 944 341 944 339 944 308 953 308 990"/></Shape>
	    <String CONTENT="elle avait roulé les manches. Elle commençait à pouvoir marcher à nouveau,"
                    HPOS="308"
                    VPOS="944"
                    WIDTH="1922"
                    HEIGHT="66"
                    WC="0.9991046992632059"></String>
          </TextLine>

          
          
          <TextLine ID="line_2"
                    TAGREFS="LT4328"
                    BASELINE="310 1063 2230 1059" 
                    HPOS="308"
                    VPOS="1012"
                    WIDTH="1922"
                    HEIGHT="71">
            <Shape><Polygon POINTS="310 1063 310 1076 1122 1083 1124 1083 1355 1074 1379 1074 1394 1074 1537 1083 1539 1083 1649 1074 1651 1074 1652 1074 1713 1083 1715 1083 1717 1083 1746 1074 1827 1083 1829 1083 1830 1083 1862 1074 2139 1083 2140 1083 2142 1083 2168 1074 2206 1083 2208 1083 2210 1083 2212 1083 2214 1083 2230 1072 2230 1059 2228 1025 2192 1012 2190 1012 2080 1012 2078 1012 2076 1012 2074 1012 2056 1023 1972 1012 1970 1012 1968 1012 1937 1025 1836 1025 1816 1012 1814 1012 1812 1012 1810 1012 1762 1021 1733 1012 1731 1012 1729 1012 1728 1012 1726 1012 1709 1023 1563 1023 1485 1012 1484 1012 1375 1023 1337 1012 1335 1012 1333 1012 1331 1012 1298 1023 1273 1012 1271 1012 1269 1012 1199 1025 1161 1014 1159 1014 1086 1014 1084 1014 1082 1014 1060 1025 997 1014 996 1014 933 1025 845 1014 843 1014 842 1014 814 1025 776 1014 774 1014 772 1014 706 1025 623 1014 621 1014 521 1025 475 1014 473 1014 471 1014 469 1014 467 1014 451 1025 308 1026 310 1063"/></Shape>
	    <String CONTENT="appuyée au bras de Fuentès. Cela faisait neuf jours qu’elle avait quitté le"
                    HPOS="308"
                    VPOS="1012"
                    WIDTH="1922"
                    HEIGHT="71"
                    WC="0.9847581699872628"></String>
          </TextLine>

          
          
          <TextLine ID="line_3"
                    TAGREFS="LT4328"
                    BASELINE="308 1135 2230 1131" 
                    HPOS="306"
                    VPOS="1085"
                    WIDTH="1924"
                    HEIGHT="64">
            <Shape><Polygon POINTS="308 1135 308 1149 2228 1146 2230 1131 2228 1098 2194 1085 2192 1085 2190 1085 2139 1096 2095 1085 2093 1085 2091 1085 2089 1085 2049 1096 1986 1085 1984 1085 1847 1096 1775 1085 1773 1085 1704 1096 1625 1085 1623 1085 1621 1085 1575 1098 1366 1098 1289 1085 1287 1085 1286 1085 1258 1098 1205 1087 1203 1087 1137 1100 895 1100 871 1087 869 1087 686 1087 684 1087 306 1100 308 1135"/></Shape>
	    <String CONTENT="magasin incendié. Elle examinait la pièce aux meubles démesurés où elle"
                    HPOS="306"
                    VPOS="1085"
                    WIDTH="1924"
                    HEIGHT="64"
                    WC="0.9968946129083633"></String>
          </TextLine>

          
          
          <TextLine ID="line_4"
                    TAGREFS="LT4328"
                    BASELINE="311 1208 1518 1204" 
                    HPOS="310"
                    VPOS="1160"
                    WIDTH="1208"
                    HEIGHT="61">
            <Shape><Polygon POINTS="311 1208 311 1221 1517 1217 1518 1204 1515 1171 1467 1160 1465 1160 1463 1160 1425 1170 1155 1160 1153 1160 1152 1160 1150 1160 1150 1162 1141 1171 1014 1171 964 1160 963 1160 909 1173 603 1173 546 1162 544 1162 451 1171 431 1162 429 1162 427 1162 310 1173 311 1208"/></Shape>
	    <String CONTENT="avait perdu connaissance, le soir de son arrivée."
                    HPOS="310"
                    VPOS="1160"
                    WIDTH="1208"
                    HEIGHT="61"
                    WC="0.9990763676166534"></String>
          </TextLine>

          
          
          <TextLine ID="line_5"
                    TAGREFS="LT4328"
                    BASELINE="377 1283 2230 1283" 
                    HPOS="377"
                    VPOS="1236"
                    WIDTH="1853"
                    HEIGHT="71">
            <Shape><Polygon POINTS="377 1283 377 1296 471 1296 473 1296 487 1305 489 1305 491 1305 493 1305 568 1296 577 1296 596 1296 748 1305 750 1305 821 1298 843 1296 849 1298 864 1305 865 1305 867 1305 913 1298 931 1296 950 1298 992 1305 994 1305 1093 1300 1155 1296 1174 1300 1199 1305 1201 1305 1236 1300 1265 1296 1313 1302 1363 1305 1364 1307 1537 1307 1537 1305 1539 1305 1546 1302 1557 1296 1929 1305 2003 1305 2005 1305 2014 1305 2085 1296 2100 1305 2102 1305 2104 1305 2106 1305 2107 1305 2137 1296 2228 1305 2230 1283 2230 1248 2203 1239 2201 1239 2199 1239 2197 1239 2168 1248 2139 1236 2137 1236 2135 1236 2133 1236 2093 1248 2058 1237 2056 1237 2054 1237 1821 1248 1695 1236 1693 1236 1625 1248 1586 1236 1585 1236 1583 1236 1581 1236 1555 1250 1467 1250 1425 1236 1423 1236 1421 1236 1419 1236 1418 1236 1401 1247 1254 1248 1192 1236 1190 1236 1188 1236 1137 1248 1104 1236 1102 1236 1100 1236 1012 1247 983 1236 981 1236 979 1236 926 1245 871 1236 869 1236 809 1248 783 1236 781 1236 779 1236 649 1245 612 1236 610 1236 609 1236 546 1248 526 1236 524 1236 522 1236 475 1236 473 1236 471 1236 469 1236 447 1250 377 1250 377 1283"/></Shape>
	    <String CONTENT="— Une fantaisie, dit Fuentès. On a tendance à oublier comment c’est,"
                    HPOS="377"
                    VPOS="1236"
                    WIDTH="1853"
                    HEIGHT="71"
                    WC="0.9949188581534795"></String>
          </TextLine>

          
          
          <TextLine ID="line_6"
                    TAGREFS="LT4328"
                    BASELINE="308 1357 2232 1351" 
                    HPOS="306"
                    VPOS="1307"
                    WIDTH="1926"
                    HEIGHT="66">
            <Shape><Polygon POINTS="308 1357 308 1371 2228 1373 2232 1351 2227 1316 1718 1318 1715 1318 1676 1307 1674 1307 1673 1307 1671 1307 1669 1307 1651 1318 1649 1320 1408 1320 1405 1320 1368 1309 1366 1309 1364 1309 1363 1309 1361 1309 1342 1320 1341 1322 1267 1322 1260 1320 1007 1309 1005 1309 946 1322 944 1322 937 1322 623 1311 621 1311 469 1322 328 1311 326 1311 324 1311 322 1311 306 1320 308 1357"/></Shape>
	    <String CONTENT="d’être un môme. Ici, on a l’impression de mesurer de nouveau cent vingt"
                    HPOS="306"
                    VPOS="1307"
                    WIDTH="1926"
                    HEIGHT="66"
                    WC="0.9896554326357907"></String>
          </TextLine>

          
          
          <TextLine ID="line_7"
                    TAGREFS="LT4328"
                    BASELINE="308 1430 1662 1426" 
                    HPOS="306"
                    VPOS="1380"
                    WIDTH="1356"
                    HEIGHT="63">
            <Shape><Polygon POINTS="308 1430 308 1443 1660 1441 1662 1426 1658 1393 1586 1393 1572 1380 1570 1380 1568 1380 1566 1380 1564 1380 1530 1391 1507 1380 1506 1380 1504 1380 1502 1380 1456 1393 1153 1393 1095 1380 1093 1380 1091 1380 1089 1380 1075 1393 952 1393 873 1382 818 1382 816 1382 814 1382 812 1382 801 1391 792 1384 790 1384 788 1384 787 1384 741 1391 686 1382 684 1382 682 1382 680 1382 669 1391 627 1382 625 1382 623 1382 601 1393 409 1382 407 1382 306 1395 308 1430"/></Shape>
	    <String CONTENT="centimètres de haut. Vous avez dû avoir un sacré choc."
                    HPOS="306"
                    VPOS="1380"
                    WIDTH="1356"
                    HEIGHT="63"
                    WC="0.9872191276466638"></String>
          </TextLine>

          
          
          <TextLine ID="line_8"
                    TAGREFS="LT4328"
                    BASELINE="377 1509 1064 1509" 
                    HPOS="377"
                    VPOS="1463"
                    WIDTH="687"
                    HEIGHT="68">
            <Shape><Polygon POINTS="377 1509 377 1520 535 1531 537 1531 1064 1520 1064 1509 1064 1481 1003 1481 974 1463 972 1463 970 1463 968 1463 761 1479 726 1463 724 1463 722 1463 720 1463 686 1479 671 1465 671 1463 669 1463 667 1463 665 1463 541 1478 476 1463 475 1463 473 1463 471 1463 471 1465 454 1481 377 1481 377 1509"/></Shape>
	    <String CONTENT="— Au point où j’en étais..."
                    HPOS="377"
                    VPOS="1463"
                    WIDTH="687"
                    HEIGHT="68"
                    WC="0.9943245361591208"></String>
          </TextLine>

          
          
          <TextLine ID="line_9"
                    TAGREFS="LT4328"
                    BASELINE="372 1591 2230 1591" 
                    HPOS="372"
                    VPOS="1544"
                    WIDTH="1858"
                    HEIGHT="62">
            <Shape><Polygon POINTS="372 1591 372 1606 2230 1606 2230 1591 2230 1555 2155 1544 2153 1544 2089 1553 2089 1555 1733 1555 1731 1553 1717 1544 1715 1544 1713 1544 1711 1544 1649 1553 1645 1553 1641 1553 1530 1544 1528 1544 1436 1553 1429 1553 1419 1553 1275 1544 1273 1544 1271 1544 1238 1553 1234 1553 1230 1553 1183 1544 1181 1544 1141 1553 1137 1553 1131 1553 1067 1544 1065 1544 975 1553 964 1555 748 1555 744 1553 720 1544 719 1544 717 1544 678 1553 673 1555 500 1555 497 1553 478 1544 476 1544 475 1544 372 1551 372 1591"/></Shape>
	    <String CONTENT="Julie se percha sur une chaise gigantesque. Elle pouffa comme une gamine."
                    HPOS="372"
                    VPOS="1544"
                    WIDTH="1858"
                    HEIGHT="62"
                    WC="0.9914729807474841"></String>
          </TextLine>

          
          
          <TextLine ID="line_10"
                    TAGREFS="LT4328"
                    BASELINE="310 1663 2230 1663" 
                    HPOS="310"
                    VPOS="1615"
                    WIDTH="1920"
                    HEIGHT="63">
            <Shape><Polygon POINTS="310 1663 310 1678 2230 1678 2230 1663 2230 1628 2155 1615 2063 1615 2062 1615 2060 1615 2058 1615 2040 1626 2014 1615 2012 1615 2010 1615 1955 1626 1951 1626 1950 1626 1924 1615 1922 1615 1920 1615 1819 1624 1801 1628 1502 1628 1485 1624 1441 1615 1440 1615 1379 1622 1352 1626 1341 1622 1319 1615 1317 1615 1315 1615 1278 1622 1258 1628 1133 1628 1124 1622 1113 1615 1111 1615 1109 1615 1108 1615 1106 1615 1084 1622 1065 1628 919 1628 908 1621 898 1615 897 1615 895 1615 893 1615 853 1621 810 1626 792 1621 781 1617 779 1617 777 1617 759 1621 726 1626 310 1619 310 1663"/></Shape>
	    <String CONTENT="Fuentès, une canette à la main, la regardait d’un air goguenard. Par la fenêtre"
                    HPOS="310"
                    VPOS="1615"
                    WIDTH="1920"
                    HEIGHT="63"
                    WC="0.9992126168274298"></String>
          </TextLine>

          
          
          <TextLine ID="line_11"
                    TAGREFS="LT4328"
                    BASELINE="310 1736 2230 1731" 
                    HPOS="308"
                    VPOS="1687"
                    WIDTH="1922"
                    HEIGHT="60">
            <Shape><Polygon POINTS="310 1736 310 1747 2228 1745 2230 1731 2227 1700 1878 1687 1876 1687 1874 1687 1873 1687 1854 1698 1805 1687 1803 1687 1801 1687 1781 1698 1585 1700 1440 1689 1438 1689 1436 1689 1434 1689 1414 1701 1219 1701 1164 1689 1163 1689 1111 1700 983 1689 981 1689 849 1701 524 1692 522 1692 521 1692 519 1692 502 1701 326 1694 324 1694 322 1694 321 1694 308 1700 310 1736"/></Shape>
	    <String CONTENT="mince comme une meurtrière, la jeune fille apercevait Peter, à une"
                    HPOS="308"
                    VPOS="1687"
                    WIDTH="1922"
                    HEIGHT="60"
                    WC="0.9980153450194527"></String>
          </TextLine>

          
          
          <TextLine ID="line_12"
                    TAGREFS="LT4328"
                    BASELINE="310 1806 2232 1806" 
                    HPOS="310"
                    VPOS="1760"
                    WIDTH="1922"
                    HEIGHT="61">
            <Shape><Polygon POINTS="310 1806 310 1821 2232 1821 2232 1806 2232 1771 1744 1760 1742 1760 1689 1769 1645 1760 1643 1760 1552 1769 1504 1760 1502 1760 1500 1760 1498 1760 1484 1769 1385 1760 1383 1760 1381 1760 1348 1769 1273 1760 1271 1760 1269 1760 1232 1769 1177 1760 1175 1760 1086 1769 924 1760 922 1760 840 1769 774 1760 772 1760 702 1769 664 1760 662 1760 660 1760 550 1769 519 1760 517 1760 515 1760 310 1769 310 1806"/></Shape>
	    <String CONTENT="cinquantaine de mètres du labyrinthe. L’enfant tirait des flèches avec un arc"
                    HPOS="310"
                    VPOS="1760"
                    WIDTH="1922"
                    HEIGHT="61"
                    WC="0.9975365475763248"></String>
          </TextLine>

          
          
          <TextLine ID="line_13"
                    TAGREFS="LT4328"
                    BASELINE="308 1877 2230 1874" 
                    HPOS="306"
                    VPOS="1830"
                    WIDTH="1924"
                    HEIGHT="64">
            <Shape><Polygon POINTS="308 1877 308 1894 2228 1894 2230 1874 2225 1835 1973 1839 1962 1835 1944 1830 1942 1830 1940 1830 1939 1830 1937 1830 1928 1835 1920 1841 1821 1841 1808 1837 1785 1830 1783 1830 1781 1830 1779 1830 1766 1837 1759 1841 1651 1841 1640 1837 1607 1830 1605 1830 1564 1837 1553 1839 1533 1837 1443 1830 1441 1830 1440 1830 1421 1839 1418 1839 1414 1839 1383 1830 1381 1830 1379 1830 1377 1830 1359 1839 1357 1839 1330 1839 1141 1832 1139 1832 1032 1841 1016 1841 1008 1841 964 1832 963 1832 961 1832 942 1841 941 1841 937 1841 887 1832 886 1832 825 1841 821 1841 820 1841 753 1832 752 1832 568 1841 528 1832 526 1832 524 1832 464 1841 379 1832 377 1832 306 1843 308 1877"/></Shape>
	    <String CONTENT="rudimentaire que Fuentès lui avait fabriqué. Julie n’arrivait pas à se faire à"
                    HPOS="306"
                    VPOS="1830"
                    WIDTH="1924"
                    HEIGHT="64"
                    WC="0.9960949246476336"></String>
          </TextLine>

          
          
          <TextLine ID="line_14"
                    TAGREFS="LT4328"
                    BASELINE="310 1947 2228 1951" 
                    HPOS="308"
                    VPOS="1901"
                    WIDTH="1920"
                    HEIGHT="63">
            <Shape><Polygon POINTS="310 1947 308 1960 2225 1964 2228 1951 2225 1914 1940 1914 1935 1912 1918 1903 1917 1903 1915 1903 1843 1912 1829 1912 1805 1910 1693 1903 1691 1903 1636 1910 1607 1914 1599 1910 1588 1903 1586 1903 1585 1903 1583 1903 1546 1910 1522 1914 1185 1914 1175 1909 1161 1901 1159 1901 1157 1901 1120 1909 1093 1912 1049 1907 990 1901 988 1901 955 1907 935 1910 917 1907 891 1901 889 1901 887 1901 886 1901 876 1907 867 1912 842 1907 823 1903 821 1903 803 1907 774 1912 730 1907 695 1901 693 1901 664 1905 625 1912 590 1905 568 1901 566 1901 544 1905 508 1912 310 1905 310 1947"/></Shape>
	    <String CONTENT="la nouvelle silhouette de Peter. En une semaine, il avait bronzé, maigri, ses"
                    HPOS="308"
                    VPOS="1901"
                    WIDTH="1920"
                    HEIGHT="63"
                    WC="0.9995248974897922"></String>
          </TextLine>

          
          
          <TextLine ID="line_15"
                    TAGREFS="LT4328"
                    BASELINE="308 2024 2228 2020" 
                    HPOS="306"
                    VPOS="1975"
                    WIDTH="1922"
                    HEIGHT="64">
            <Shape><Polygon POINTS="308 2024 308 2039 2227 2039 2228 2020 2225 1986 2107 1975 2106 1975 2054 1984 1979 1975 1977 1975 1975 1975 1973 1975 1957 1986 1652 1986 1518 1975 1517 1975 1451 1984 1394 1975 1392 1975 1304 1984 1271 1975 1269 1975 1267 1975 1196 1986 337 1976 335 1976 333 1976 306 1986 308 2024"/></Shape>
	    <String CONTENT="cheveux avaient poussé dru, ses manières changé. Il courait parmi les fleurs."
                    HPOS="306"
                    VPOS="1975"
                    WIDTH="1922"
                    HEIGHT="64"
                    WC="0.9990516297519207"></String>
          </TextLine>

          
          
          <TextLine ID="line_16"
                    TAGREFS="LT4328"
                    BASELINE="310 2092 1933 2096" 
                    HPOS="308"
                    VPOS="2046"
                    WIDTH="1625"
                    HEIGHT="68">
            <Shape><Polygon POINTS="310 2092 308 2103 330 2114 332 2114 333 2114 1931 2107 1933 2096 1931 2059 1535 2048 1533 2048 1463 2057 1458 2057 1454 2057 1412 2048 1410 2048 1408 2048 1377 2057 1374 2059 1139 2059 1137 2057 1115 2046 1113 2046 1111 2046 1023 2055 1021 2057 831 2057 829 2055 798 2046 796 2046 794 2046 748 2055 744 2057 634 2057 632 2055 614 2046 612 2046 610 2046 566 2055 561 2057 387 2057 383 2055 357 2046 355 2046 354 2046 310 2053 310 2092"/></Shape>
	    <String CONTENT="On aurait dit une séquence publicitaire pour le retour à la Nature."
                    HPOS="308"
                    VPOS="2046"
                    WIDTH="1625"
                    HEIGHT="68"
                    WC="0.993630594101505"></String>
          </TextLine>

          
          
          <TextLine ID="line_17"
                    TAGREFS="LT4328"
                    BASELINE="377 2167 2232 2171" 
                    HPOS="376"
                    VPOS="2121"
                    WIDTH="1856"
                    HEIGHT="74">
            <Shape><Polygon POINTS="377 2167 376 2180 482 2193 484 2193 532 2184 559 2193 561 2193 563 2193 658 2184 687 2193 689 2193 691 2193 794 2184 820 2193 821 2193 823 2193 882 2184 1131 2193 1133 2193 1665 2185 1682 2195 1684 2195 1685 2195 1687 2195 1766 2185 2010 2195 2012 2195 2230 2184 2232 2171 2232 2138 2201 2123 2199 2123 2197 2123 2195 2123 2151 2136 2095 2123 2093 2123 2017 2136 1979 2123 1977 2123 1975 2123 1911 2132 1816 2123 1814 2123 1812 2123 1781 2136 1744 2123 1742 2123 1740 2123 1654 2136 1652 2136 1627 2123 1625 2123 1541 2123 1539 2123 1537 2123 1535 2123 1515 2136 1513 2138 1458 2138 1456 2136 1429 2123 1427 2123 1341 2123 1339 2123 1337 2123 1308 2136 1304 2136 1302 2136 1262 2121 1260 2121 1258 2121 1256 2121 1203 2136 1155 2136 1071 2136 1069 2134 1045 2121 1043 2121 1042 2121 1040 2121 1001 2134 920 2121 919 2121 917 2121 882 2134 880 2136 798 2136 796 2134 776 2121 774 2121 772 2121 697 2121 695 2121 693 2121 691 2121 671 2134 669 2134 621 2121 620 2121 618 2121 563 2134 557 2134 554 2134 497 2121 495 2121 493 2121 462 2134 458 2134 377 2134 377 2167"/></Shape>
	    <String CONTENT="— Je suis déjà en état de repartir, déclara Julie qui n’aimait guère la"
                    HPOS="376"
                    VPOS="2121"
                    WIDTH="1856"
                    HEIGHT="74"
                    WC="0.9913162792983808"></String>
          </TextLine>

          
          
          <TextLine ID="line_18"
                    TAGREFS="LT4328"
                    BASELINE="311 2244 510 2241" 
                    HPOS="310"
                    VPOS="2198"
                    WIDTH="200"
                    HEIGHT="57">
            <Shape><Polygon POINTS="311 2244 311 2255 510 2253 510 2241 506 2208 310 2198 311 2244"/></Shape>
	    <String CONTENT="Nature."
                    HPOS="310"
                    VPOS="2198"
                    WIDTH="200"
                    HEIGHT="57"
                    WC="0.9971112949507577"></String>
          </TextLine>

          
          
          <TextLine ID="line_19"
                    TAGREFS="LT4328"
                    BASELINE="372 2327 2234 2323" 
                    HPOS="370"
                    VPOS="2274"
                    WIDTH="1864"
                    HEIGHT="71">
            <Shape><Polygon POINTS="372 2327 372 2338 2217 2345 2219 2345 2221 2345 2223 2345 2234 2336 2234 2323 2230 2288 2162 2274 2095 2274 2093 2274 2091 2274 2058 2286 2058 2288 1988 2288 1986 2286 1961 2274 1959 2274 1957 2274 1955 2274 1922 2286 1922 2288 1832 2288 1830 2286 1810 2274 1808 2274 1807 2274 1805 2274 1803 2274 1773 2286 1773 2288 1696 2288 1695 2286 1669 2274 1667 2274 1619 2274 1618 2274 1616 2274 1614 2274 1594 2286 1592 2286 1539 2274 1537 2274 1535 2274 1504 2283 1436 2274 1434 2274 1381 2286 1377 2286 1372 2286 1324 2274 1322 2274 1320 2274 1319 2274 1317 2274 1298 2286 1295 2288 1276 2286 1234 2279 1232 2279 1230 2279 1205 2285 1194 2288 1186 2285 1166 2275 1164 2275 1163 2275 1161 2275 1128 2285 1115 2290 1060 2290 1051 2285 1032 2275 1031 2275 1029 2275 1027 2275 994 2285 992 2285 961 2275 959 2275 957 2275 955 2275 939 2285 931 2288 917 2285 875 2275 873 2275 871 2275 845 2285 834 2288 827 2285 809 2275 807 2275 805 2275 803 2275 774 2285 763 2288 753 2285 733 2275 731 2275 730 2275 660 2285 627 2288 599 2285 546 2275 544 2275 543 2275 515 2285 502 2288 487 2285 462 2275 460 2275 458 2275 370 2283 372 2327"/></Shape>
	    <String CONTENT="Elle descendit de la chaise géante, franchit le rideau de perles, piétina"
                    HPOS="370"
                    VPOS="2274"
                    WIDTH="1864"
                    HEIGHT="71"
                    WC="0.9933366886774699"></String>
          </TextLine>

          
          
          <TextLine ID="line_20"
                    TAGREFS="LT4328"
                    BASELINE="310 2398 2230 2395" 
                    HPOS="308"
                    VPOS="2349"
                    WIDTH="1922"
                    HEIGHT="62">
            <Shape><Polygon POINTS="310 2398 310 2411 2230 2409 2230 2395 2228 2360 2194 2349 2192 2349 2190 2349 2188 2349 2159 2358 2006 2349 2005 2349 2003 2349 1973 2358 1940 2349 1939 2349 1937 2349 1856 2358 1823 2349 1821 2349 1819 2349 1818 2349 1786 2358 1750 2349 1748 2349 1746 2349 1744 2349 1720 2360 1555 2360 1504 2349 1502 2349 1500 2349 1498 2349 1482 2360 1335 2360 1286 2349 1284 2349 1282 2349 1280 2349 1263 2360 911 2351 909 2351 820 2360 765 2351 763 2351 761 2351 730 2360 698 2351 697 2351 695 2351 502 2360 451 2351 449 2351 447 2351 445 2351 431 2360 330 2351 328 2351 326 2351 324 2351 308 2358 310 2398"/></Shape>
	    <String CONTENT="dans les gravats. Le soleil, toujours glorieux, lui arrivait derechef dans la"
                    HPOS="308"
                    VPOS="2349"
                    WIDTH="1922"
                    HEIGHT="62"
                    WC="0.9976986553761866"></String>
          </TextLine>

          
          
          <TextLine ID="line_21"
                    TAGREFS="LT4328"
                    BASELINE="311 2470 1491 2466" 
                    HPOS="310"
                    VPOS="2418"
                    WIDTH="1181"
                    HEIGHT="66">
            <Shape><Polygon POINTS="311 2470 311 2484 1489 2481 1491 2466 1487 2433 1419 2418 1418 2418 1416 2418 1390 2433 1275 2433 1252 2418 1251 2418 1249 2418 1247 2418 1245 2418 1243 2418 1243 2420 1229 2433 1175 2433 1148 2418 1146 2418 1144 2418 1142 2418 1141 2418 1119 2433 1008 2433 963 2418 961 2418 959 2418 889 2433 856 2420 854 2420 853 2420 596 2433 570 2420 568 2420 491 2420 489 2420 487 2420 460 2433 326 2420 324 2420 322 2420 321 2420 321 2422 310 2431 311 2470"/></Shape>
	    <String CONTENT="figure. Elle entendit Fuentès marcher à sa suite."
                    HPOS="310"
                    VPOS="2418"
                    WIDTH="1181"
                    HEIGHT="66"
                    WC="0.9895901796864528"></String>
          </TextLine>

          
          
          <TextLine ID="line_22"
                    TAGREFS="LT4328"
                    BASELINE="377 2543 1807 2547" 
                    HPOS="376"
                    VPOS="2497"
                    WIDTH="1431"
                    HEIGHT="72">
            <Shape><Polygon POINTS="377 2543 376 2556 469 2558 482 2569 484 2569 486 2569 487 2569 583 2560 649 2569 651 2569 983 2560 1027 2560 1038 2560 1106 2569 1108 2569 1805 2563 1807 2547 1805 2512 1513 2499 1511 2499 1509 2499 1484 2510 1482 2510 1476 2510 1390 2499 1388 2499 1386 2499 1355 2510 1353 2510 1352 2510 1324 2499 1322 2499 1320 2499 1319 2499 1280 2510 1278 2510 1275 2510 1238 2499 1236 2499 1234 2499 1232 2499 1208 2510 1205 2510 1201 2510 1166 2499 1164 2499 1163 2499 1161 2499 1122 2510 1119 2510 1117 2510 1093 2497 1091 2497 1089 2497 1087 2497 1040 2508 966 2497 964 2497 897 2508 893 2508 891 2508 821 2497 820 2497 818 2497 774 2508 770 2510 664 2510 662 2508 640 2497 638 2497 636 2497 634 2497 607 2508 605 2510 526 2510 524 2508 511 2497 510 2497 508 2497 506 2497 377 2506 377 2543"/></Shape>
	    <String CONTENT="— Vous n’avez plus guère d’endroit où aller, fit l’homme."
                    HPOS="376"
                    VPOS="2497"
                    WIDTH="1431"
                    HEIGHT="72"
                    WC="0.9850222145096731"></String>
          </TextLine>

          
          
          <TextLine ID="line_23"
                    TAGREFS="LT4328"
                    BASELINE="374 2626 957 2629" 
                    HPOS="372"
                    VPOS="2578"
                    WIDTH="585"
                    HEIGHT="70">
            <Shape><Polygon POINTS="374 2626 372 2635 665 2648 667 2648 955 2638 957 2629 955 2598 876 2580 829 2580 827 2580 825 2580 823 2580 823 2582 807 2596 752 2580 750 2580 748 2580 669 2594 654 2580 654 2578 653 2578 651 2578 649 2578 647 2578 609 2594 577 2578 576 2578 574 2578 572 2578 530 2591 464 2578 462 2578 460 2578 458 2578 458 2580 443 2594 442 2594 374 2594 374 2626"/></Shape>
	    <String CONTENT="— Droit chez les flics."
                    HPOS="372"
                    VPOS="2578"
                    WIDTH="585"
                    HEIGHT="70"
                    WC="0.9998642413512521"></String>
          </TextLine>

          
          
          <TextLine ID="line_24"
                    TAGREFS="LT4328"
                    BASELINE="379 2704 1091 2704" 
                    HPOS="379"
                    VPOS="2660"
                    WIDTH="712"
                    HEIGHT="68">
            <Shape><Polygon POINTS="379 2704 379 2717 462 2717 476 2726 478 2726 480 2726 482 2726 484 2726 506 2717 682 2726 684 2726 686 2726 704 2717 781 2728 783 2728 875 2717 889 2726 891 2726 893 2726 895 2728 1075 2728 1075 2726 1076 2726 1078 2726 1091 2717 1091 2704 1091 2675 1043 2673 1032 2662 1032 2660 1031 2660 1029 2660 1027 2660 875 2673 730 2660 728 2660 726 2660 695 2673 605 2673 590 2660 588 2660 587 2660 585 2660 583 2660 552 2671 471 2660 469 2660 467 2660 465 2660 465 2662 453 2675 379 2675 379 2704"/></Shape>
	    <String CONTENT="— C’est une longue marche."
                    HPOS="379"
                    VPOS="2660"
                    WIDTH="712"
                    HEIGHT="68"
                    WC="0.9897046570594494"></String>
          </TextLine>

          
          
          <TextLine ID="line_25"
                    TAGREFS="LT4328"
                    BASELINE="379 2782 1172 2787" 
                    HPOS="377"
                    VPOS="2737"
                    WIDTH="795"
                    HEIGHT="72">
            <Shape><Polygon POINTS="379 2782 377 2793 467 2794 476 2804 476 2805 478 2805 480 2805 482 2807 572 2807 572 2805 574 2805 576 2805 576 2804 585 2796 620 2805 621 2805 623 2805 625 2805 627 2805 636 2798 642 2805 643 2805 643 2807 645 2807 647 2807 649 2807 697 2798 706 2805 706 2807 708 2807 709 2807 711 2807 869 2798 1020 2809 1021 2809 1170 2798 1172 2787 1172 2745 1139 2741 1137 2741 1135 2741 1133 2741 1131 2745 1120 2752 1051 2745 1010 2741 1008 2741 983 2745 933 2754 908 2747 889 2739 887 2739 886 2739 884 2739 882 2739 882 2741 876 2747 869 2754 731 2754 653 2750 651 2747 645 2739 643 2739 643 2737 642 2737 640 2737 638 2737 590 2748 577 2750 555 2748 465 2737 464 2737 462 2737 460 2737 460 2739 449 2748 447 2750 379 2750 379 2782"/></Shape>
	    <String CONTENT="— Vous n’avez pas de voiture?"
                    HPOS="377"
                    VPOS="2737"
                    WIDTH="795"
                    HEIGHT="72"
                    WC="0.9900642736204739"></String>
          </TextLine>

          
          
          <TextLine ID="line_26"
                    TAGREFS="LT4328"
                    BASELINE="376 2864 1506 2868" 
                    HPOS="374"
                    VPOS="2816"
                    WIDTH="1132"
                    HEIGHT="65">
            <Shape><Polygon POINTS="376 2864 374 2877 1502 2881 1506 2868 1506 2829 1454 2818 1452 2818 1396 2827 1361 2818 1359 2818 1357 2818 1355 2818 1324 2827 1322 2829 1120 2829 1119 2827 1109 2818 1108 2818 1106 2818 1104 2818 915 2826 889 2816 887 2816 886 2816 838 2826 836 2827 676 2827 675 2826 656 2816 654 2816 653 2816 651 2816 631 2826 629 2826 627 2826 590 2816 588 2816 587 2816 376 2824 376 2864"/></Shape>
	    <String CONTENT="Julie s’était retournée. Fuentès secoua la tête."
                    HPOS="374"
                    VPOS="2816"
                    WIDTH="1132"
                    HEIGHT="65"
                    WC="0.9901547707044162"></String>
          </TextLine>

          
        </TextBlock>
        

        
      </PrintSpace>
    </Page>
  </Layout>
</alto>
