2550 3301
374 293 1854 68 Nénesse n’entendait rien. Ses lèvres étaient bleues. Thompson lui tapa sur

311 372 1600 62 les doigts avec le canon de son automatique. Nénesse freina sec.

371 445 1851 77 — Qu’est-ce que v... vous v... voulez? bredouilla-t-il. Qu’on se f...

311 524 720 61 fasse tous f... faire marron?

372 599 791 64 Le gosse et elle. Il faut les tuer.

374 684 1135 69 — Dans trois minutes, la gendarmerie est ici.

377 762 1261 61 — Dans trois minutes, je les aurai tués. Demi-tour.

377 847 604 58 Nénesse ne bougea pas.

376 920 1854 70 — Demi-tour ou je vous tue, dit Thompson en enfonçant le canon du SIG

311 992 685 62 dans les côtes de l’homme.

372 1072 1020 65 Nénesse battit des paupières et embraya.

372 1151 978 70 — Trois minutes, dit-il entre ses dents.

370 1234 1864 64 Cent mètres derrière eux, un attroupement se formait. Plus loin, Thompson

311 1305 1917 64 vit Julie et Peter qui disparaissaient dans une rue transversale. Des gens

311 1379 1496 60 couraient. La Simca fit demi-tour et fila vers l’attroupement.

374 1454 1185 69 — Les voilà! Ce sont eux! crièrent les locaux.

374 1536 1414 68 — Foncez dans le tas, dit Thompson. Première à gauche.

370 1611 1860 68 La Simca fonça dans le tas. Les locaux se dispersèrent en criant. Nénesse

310 1689 1922 60 se cramponnait au volant. Les pneus chantèrent quand la voiture tourna sec

308 1756 1924 65 dans une ruelle pavée. Au bout de la ruelle, Julie et Peter étaient en train de

308 1830 1926 62 courir. Ils franchissaient un pont. La Simca bondit à leurs trousses. Il y avait

310 1903 1920 62 foule sur la chaussée. Les gens se plaquèrent aux murs, aux vitrines des

308 1973 1029 62 boutiques. Des vociférations s’élevèrent.

372 2055 1860 64 De l’autre côté du pont, une multitude obstruait complètement la rue. Peter

306 2125 1924 66 et Julie s’y fondirent. Nénesse écrasa le frein. De nouveau, la voiture tira à

311 2202 498 68 gauche en stoppant.

374 2274 1003 71 — On est bien avancés, dit le chauffeur.

370 2356 1860 64 Au-delà du coude que faisait la rue, des milliers de personnes se

310 2431 1922 68 pressaient autour des éventaires dressés au milieu de la chaussée. La

306 2501 1924 62 circulation des véhicules était impossible. La silhouette grise et brune de

308 2572 1922 66 Julie courait au milieu de la foule. Thompson frappa violemment l’intérieur

308 2648 746 69 de la portière avec son poing.

381 2726 1849 59 — Coco et moi, nous continuons à pied. Nénesse, vous allez ranger cette

313 2800 1138 59 voiture sur le boulevard et en voler une autre.

374 2873 1366 75 — Vous êtes branque! fit Nénesse d’une voix sifflante.
