2550 3301
379 295 1851 66 Thompson regagna la Rover. Coco lui ouvrit les deux battants de la grille

308 370 1922 62 et la voiture pénétra dans la cour où se voyaient des roues sans pneus, des

310 452 1920 52 lessiveuses éventrées, une cabine de camon Dodge et une Buick Roadmaster

308 524 1920 55 assise sur ses jantes. Coco referma derrière la Rover. Il demeura immobile,

306 586 1922 74 jambes écartées, poings sur les hanches, tandis que Thompson mettait pied à

311 673 433 47 terre en toussant.

374 740 724 68 — Comment va votre frère?

377 817 956 70 — Ça peut aller. Vous voulez le voir?

374 896 207 70 — Oui.

372 982 1236 57 — Haha! Toujours prudent, monsieur Thompson.

372 1058 1095 71 — Ne soyez pas idiot. Nous avons à parler.

372 1137 1860 62 Coco eut une moue dubitative et précéda Thompson sur un escalier raide

308 1208 1922 62 et court surmonté d’une marquise de verre. Le verre était fêlé en plusieurs

310 1281 1920 61 endroits. Le décrottoir, au sommet de l’escalier, disparaissait sous une

311 1353 795 60 épaisse couche de boue séchée.

370 1432 1862 64 Nénesse les accueillit dans l’entrée du pavillon. Depuis la veille, il ne

310 1505 1924 64 s’était manifestement ni rasé, ni lavé. Un blue-jeans trop serré soulignait son

313 1578 1919 61 volumineux appareil génital. Sous son tricot de corps à bretelles se voyait la

310 1650 1920 62 légère enflure d’un pansement. Il sentait mauvais, il sentait le saucisson, il

310 1722 1922 62 tenait pointé devant lui un fusil Tarzan à canon scié. Thompson ferma la

310 1793 460 70 porte derrière lui.

372 1868 1858 86 — Je viens pour une discussion amicale, dit-il, je ne peux pas admettre

310 1949 93 66 ça.

374 2020 1854 66 Nénesse hésita, puis mit son fusil la crosse en l’air dans le porte-

310 2094 295 73 parapluies.

377 2173 1653 71 — Ça n’engage à rien, observa-t-il. Vous voulez boire une goutte?

377 2257 1853 61 Thompson secoua la tête. Les trois hommes accédèrent à un salon petit-

308 2327 1926 62 bourgeois, aux meubles mastoc sur un parquet ciré. Par la fenêtre aux rideaux

308 2400 1922 61 de cretonne, on avait vue sur la voie ferrée. On s’assit autour d’une table

308 2470 1922 64 recouverte de toile cirée. Coco sortit une bouteille d’eau-de-vie de poire

308 2541 1924 66 d’un buffet hideux, et trois verres minuscules. Il versa à la ronde. Thompson

310 2618 403 66 ne protesta pas.

376 2692 488 69 — Votre blessure?

372 2771 1616 75 — Ce n’est rien. C’est propre. Et puis c’est pas la première fois.

372 2853 1858 70 — Je suis content pour vous, dit Thompson. Maintenant il se passe une

308 2923 1920 66 chose. J’ai besoin d’un chauffeur. Je poursuis le travail sur de nouvelles
