2550 3301
1192 605 154 68 SEPT

376 867 1854 66 La sonnerie du téléphone réveilla Julie. Tout en décrochant, elle regarda

308 932 1884 77 sa montre. Six heures trente cinq. Elle avait mal à la tête, la bouche pâteuse.

376 1021 1225 70 — Je vous réveille? demanda la voix de Hartog.

377 1102 204 68 — Oui.

377 1181 1343 71 — Vous aurez l’amabilité de descendre à mon bureau.

376 1261 370 68 — Où est-ce?

376 1342 1495 71 — Rez-de-chaussée, porte K. Je vous attends. Il y a du café.

376 1423 212 62 — Bon.

374 1500 1036 69 — Vous avez dix minutes, dit le combiné.

370 1578 1860 65 On raccrocha. Julie s’extirpa des draps, tituba, s’assit sur le bord du lit.

310 1650 1909 66 Elle avait une terrible gueule de bois. Elle se frotta les yeux avec ses poings.

370 1733 1862 64 Dans la salle de bains, le tube lumineux, au-dessus du lavabo, l’éclaira

308 1804 1922 64 d’une sale lumière couleur d’huître. Julie se brossa les dents, démêla ses

310 1877 1920 63 cheveux, avala deux Tofranil. Pas le temps de prendre une douche. Elle se

308 1949 1922 62 maquilla succinctement et revint dans la chambre. Sa petite machine à écrire

310 2019 1918 67 Hermès Baby était ouverte sur la table, une feuille engagée à l’intérieur. Julie

311 2094 426 68 se pencha et lut:

372 2165 446 77 Neuilly, le 5 juin

577 2248 879 73 Monsieur le Docteur Y. Rosenfeld

662 2327 831 73 Château des Bauges 78- Gouzy

376 2413 234 62 Docteur,

475 2488 1262 72 je me rends compte que j’ai essayé d’hésiter car

377 2571 1690 60 — Oh là là! marmonna Julie. Qu’est-ce que tu devais être bourrée!

370 2646 1862 66 Elle arracha le feuillet, le roula en boule et le jeta dans la corbeille à

306 2719 1926 75 papier cylindrique en aluminium. La jeune fille ouvrit la penderie et enfila un

310 2794 856 72 pantalon noir et une tunique jaune.

379 2875 1248 62 — Tu vas te faire foutre à la porte, observa-t-elle.
