2550 3301
311 297 208 73 palmés.

377 375 1859 72 — Tu m’as fait mal, dit-elle. Vraiment mal. Mais repartons à zéro. Je veux

308 452 1926 63 être ton amie. Demain, nous ferons connaissance. Pour le moment, c’est

311 529 1413 57 l’heure où les petits garçons vont faire dodo. D’accord?

371 594 383 68 — Et ma télé?

374 680 1565 66 — La barbe, avec ta télé! Il faut dormir. C’est terminé la télé!

374 762 1858 61 Peter se précipita sur le chien en bois et le jeta dans le récepteur. Le tube

308 834 1922 62 cathodique implosa. Du verre pilé chaud, des lampes, des transistors, des

308 904 1924 64 bouts de ferraille et de matière plastique giclèrent bruyamment. Le tuner

308 977 578 60 rebondit contre le mur.

379 1058 1050 68 — Kaya! hurla Peter de toutes ses forces.

372 1135 1860 64 Julie lui expédia une maîtresse gifle, à bras tendu. L’enfant fut précipité

308 1208 1924 64 contre le mur. Il rebondit, reprit son équilibre et s’immobilisa dans une sorte

308 1281 1922 72 de garde-à-vous, les poings serrés, les yeux fermés. Ses paupières

308 1349 1922 70 frémissaient. Julie était épouvantée d’avoir frappé si fort. Elle jeta un coup

308 1423 1922 66 d’œil furtif à Hartog qui traversait la chambre en diagonale et débranchait le

308 1496 1113 70 poste fracassé. Le rousseau était impassible.

376 1577 1856 62 — Bon, dit Julie à Peter. Je t’ai frappé. Tu m’avais frappée. On repart à

310 1646 618 65 zéro demain. D’accord?

377 1725 1855 70 — D’accord, d’accord, d’accord, d’accord! cria Peter. Cesse de me

308 1797 767 69 demander si je suis d’accord!

374 1881 1862 66 Il monta dans son lit et s’enfouit sous les couvertures. Hartog posa sa main

313 1951 530 64 sur l’épaule de Julie.

376 2030 394 67 — Venez dîner.
