2550 3301
1069 608 405 68 TRENTE-HUIT

372 867 1860 66 Julie sursauta, pivota de trois cent soixante degrés. Moins d’une seconde

308 948 1922 66 après la détonation, elle n’était plus certaine qu’il s’agissait d’un coup de

310 1014 1920 71 feu. Elle se précipita à la fenêtre, scruta le plateau qui s’ensoleillait,

308 1085 1720 72 parsemé de fleurs roses et jaunes à la haute tige. Peter était invisible.

374 1164 1858 62 — Réveillez-vous! cria la jeune fille, sans se retourner, à l’architecte

310 1237 240 63 endormi.

370 1322 1866 64 Peter remontait la pente en courant de toutes ses forces, serrant

308 1388 1928 69 passionnément contre lui son arc et ses flèches. L’idée de hurler ne lui venait

308 1459 1926 74 pas, car il était choqué et terrifié au plus haut point. Le sang pissait de son

308 1533 1922 62 oreille arrachée. Thompson vida son chargeur sur lui, et les balles

308 1608 1922 60 ricochèrent un peu partout dans les branches, projetant en tous sens des

308 1676 1919 66 aiguilles de sapin, des débris de bois, des gouttelettes de rosée, de sève.

308 1751 1922 62 Rien ne toucha Peter. Le tueur tirait comme un manche, plié en deux qu’il

308 1821 1922 64 était par la douleur, et hoquetant, et il vomit un jet de sang mousseux mêlé de

311 1894 534 62 bile, sur sa carabine.

372 1971 906 73 — Bougre de con! vociféra Hartog.

377 2052 1853 62 Thompson ne l’entendit même pas. Le tueur plongea droit au travers des

310 2123 1922 64 branches. Les aiguilles de sapin lui fouettèrent, lui égratignèrent le visage. Sa

308 2196 1922 61 bave visqueuse et rose restait accrochée derrière lui, en longs filaments

308 2268 1928 64 répugnants. Le soleil levant faisait scintiller le mucus. Thompson escaladait

310 2345 1920 59 la pente comme un dératé. Il ralentit un peu comme son percuteur claquait à

310 2411 1922 70 vide. Il grimaça, fouilla dans ses poches sans cesser de se déplacer, se colla

310 2486 1922 68 une poignée de cartouches entre les dents. Il dégagea le magasin de la

306 2556 1928 64 carabine et le regarnit avec dextérité, montant toujours. Il y avait de la bile et

308 2626 1357 73 du sang sur les douilles qu’il insérait dans le chargeur.

372 2706 880 65 Julie secouait violemment Fuentès.

374 2789 1135 70 — Ah ! Foutez-moi la paix! grogna l’homme.

372 2866 743 73 — Réveillez-vous, par pitié!
