2550 3301
374 300 1860 66 Dédé quitta la terrasse à pas de velours. Il n’avait plus guère de respect

308 370 1922 71 pour son patron. Le rousseau s’était laissé démolir par cette histoire, que

310 443 1917 70 c’était pas croyable. Un môme dont il ne s’occupait pratiquement pas,

308 515 1924 62 auparavant! C’est vrai que l’espoir s’amenuisait de les revoir, lui et la

308 585 1922 73 dingue. Et après? Le môme était un galapiat. Lui Dédé, c’était plutôt pour la

310 658 1816 62 dingue que ça lui faisait de la peine, une jolie fille, et des côtés marrants.

370 735 1860 68 Il s’assit dans le hall de la villa et ouvrit Play-boy. Posté là, il était chargé

308 808 1077 72 d’empêcher quiconque d’accéder à Hartog.

370 898 1864 55 Le rousseau demeurait étendu dans sa chaise longue, seul à présent devant

308 962 1924 63 la mer, les yeux fermés et le corps raide. Il sursauta en entendant quelque

308 1034 1922 62 chose racler les galets. Il se dressa sur son séant. La petite barque trapue

310 1104 1922 64 s’était considérablement rapprochée depuis tout à l’heure. En vérité, elle

310 1182 1922 63 venait de s’échouer à quatre mètres de Hartog. Thompson mettait pied à

310 1250 1926 68 terre. Il était maigre et vêtu de hardes délavées, un grand sac sur l’épaule, et

310 1318 1920 66 une barbe hirsute lui envahissait le visage. Pourtant, Hartog n’eut aucune

311 1395 842 62 hésitation à reconnaître son tueur.

374 1472 1856 64 Il quitta son transat et se cogna douloureusement le tibia contre la table

311 1549 971 59 basse, mais il n’en eut pas conscience.

374 1621 1478 73 — Vous êtes fou, dit-il, qu’est-ce que vous venez faire ici?

377 1705 1855 62 Thompson prit pied sur la terrasse. Il n’avait pas de chaussures. Il laissa

310 1777 1922 66 sur les dalles l’empreinte humide de sa plante. Hartog jeta autour de lui un

308 1850 1399 62 regard nerveux, mais il n’y avait personne pour les voir.

377 1927 1321 68 — Est-ce qu’ils sont morts? demanda-t-il à mi-voix.

372 2004 1855 70 Ses lèvres bouffies tremblaient d’excitation. Thompson secoua la tête.

311 2079 1919 62 Hartog l’imita machinalement tandis que sa bouche s’entrouvrait. Le

308 2152 1922 61 rousseau avait l’air d’un môme au désespoir. Il saisit Thompson au collet.

310 2226 1920 68 L’autre lui tapa sèchement sur les poignets pour lui faire lâcher prise. Hartog

306 2294 1922 66 recula, regardant le tueur. Ça, un tueur? Ah! c’était dégueulasse! Avoir si

310 2367 1920 62 bien pensé son coup, s’être entouré mois après mois de bancroches, de

308 2440 1922 63 tordus, d’anormaux, au point qu’enfin cela parût normal, cette dingue qui se

308 2512 1922 70 tirait avec le môme, qui le pendait, qui se pendait. Ah! la tant jolie

306 2583 1926 65 combinaison salopée par cet incapable, ce subalterne, ce débris. Le rousseau

308 2657 1431 69 prenait soudain conscience de l’apparence de Thompson.

374 2736 1858 64 L'homme était à bout. Ses joues, sous la barbe, étaient caves, ses yeux

310 2820 398 50 creux et rouges.
