2550 3301
385 295 1845 75 — Vous avez votre côté dingue, dit Julie avec bienveillance. C’est de

315 372 782 69 vous, oui, ce machin, pas vrai?

374 451 528 64 Hartog hocha la tête.

376 526 368 62 — Ma folie...

381 607 306 73 — Plaît-il ?

374 685 1856 74 — Ma folie, répéta le rousseau. Folie, vous savez bien, un lieu de plaisir

310 761 781 62 et de caprice. Un nid d’aigle...

372 841 1187 64 Il semblait reprendre de l’assurance en parlant.

377 915 1859 75 — Là, fit-il d’un ton satisfait, j’ai vraiment lâché la bride à mon

310 993 1924 63 imagination. Peut-être même ai-je été puéril. Mais tout homme a besoin d’un

311 1065 1584 62 lieu où s’isoler, se perdre. Je m’y repose mieux qu’à la Trappe.

370 1148 1860 60 Du front bombé de Hartog, une goutte de sueur tomba sur le papier glacé.

310 1217 1920 64 Il jeta la photo sur le bureau et se détourna. La photo voltigea, hésita, tomba

313 1289 587 62 sur les genoux de Julie.

376 1368 1432 67 — Vous voulez un verre? demanda Hartog, le dos tourné.

376 1446 532 70 — À cette heure-ci?

376 1527 954 70 — J'en prends un. Ne vous gênez pas.

372 1615 1864 57 L’homme, voûté sur un panneau encastré, ouvrait un bar. Cette maison était

308 1678 943 73 pleine de bars. Un rêve d’alcoolique.

376 1758 1054 70 — Au revoir, dit Hartog sans se retourner.

370 1837 1862 66 Raidement, verre en main, il sortit par la porte de communication, et Julie

308 1912 1928 63 hésita, puis se versa une Fine qu’elle avala debout, très vite, sans respirer, et

308 1984 1924 62 cela lui rappela le temps où, frissonnante, à l’aube, devant le zinc, elle

308 2055 1922 64 avalait ses quatre calvas, après le café noir, avant une journée d’errance, de

310 2127 853 73 larmes, de fatigue et de désespoir.
