2550 3301
372 293 1858 75 Dédé raccrocha. Hartog était branque. Un lapin vivant! Le chauffeur

310 370 1922 64 retourna dans le hall, prit les clés de la Fiat au crochet et sortit. Il boucla la

305 434 1289 83 porte d’entrée derrière lui. Discrétion, discrétion...

372 524 1860 62 Dans le salon, Hartog avait raccroché un peu avant son domestique. Il se

308 596 1926 64 tenait debout, les épaules appuyées au mur, près du téléphone. Thompson

306 667 1928 64 était assis en face de lui dans un fauteuil, le dos voûté, ses mains pendant

311 744 446 57 entre ses cuisses.

376 817 1397 70 — Et ça vous est revenu quand, cette histoire de photo?

372 898 1862 68 — Avant-hier, dit le tueur. Voyez-vous, je ne cessais pas de tout passer en

306 971 1924 63 revue. Je cherchais un détail qui puisse me remettre sur la voie. Je ne sais

308 1041 1922 74 pas pourquoi je n’ai pas pensé à la photo plus tôt. Mais ce n’était pas comme

311 1116 1923 63 une adresse... Ce n’est pas une chose qu’on se rappelle automatiquement. Et

308 1184 1759 75 je ne l’avais vue qu’une fois. Et j’étais en colère, quand je l’avais vue.

377 1261 316 70 — Ensuite?

376 1344 1854 64 — Au dos de la photo, il y avait écrit, « Massif central». C’est grand. Je

310 1419 1915 70 ne pouvais pas me mettre à chercher. J’étais très faible. J’ai pensé que vous,

310 1490 1731 72 un architecte, vous sauriez. C’est une construction qu’on n’oublie pas.

376 1564 721 73 — Non, dit Hartog. En effet.

374 1650 915 62 Le rousseau avait repris contenance.

376 1725 1636 70 — Vous allez me dire où cela se trouve, n’est-ce pas? fit le tueur.

377 1808 1760 69 — Je ne sais pas, dit Hartog. Vous n’avez plus l’air bon à grand-chose.

377 1887 1857 71 Thompson se leva. Ses doigts aux ongles longs et sales égratignaient

310 1958 823 62 nerveusement sa barbe emmêlée.

372 2039 1858 64 — Je ne suis plus bon qu’à les tuer, elle et le gosse, dit-il. Si je ne les tue

308 2112 468 70 pas, j’en crèverai.

374 2189 1862 68 — Vous avez simplement besoin d’une bonne psychanalyse. Vous avez un

310 2264 1920 70 ulcère psychosomatique. Écoutez, je vais vous donner de l’argent pour

308 2334 1559 62 disparaître. Allez où vous voulez, pourvu que ce soit très loin.

376 2413 1854 66 Thompson secoua la tête. Hartog se détacha du mur et arpenta la moquette

310 2484 1918 74 gris-bleu, les mains derrière le dos, le menton rentré dans la poitrine, l’air

310 2554 321 68 de réfléchir.

372 2637 1862 62 — Je vous tiens, dit Thompson. Je n’en profite pas. Je veux simplement

310 2721 1574 50 terminer mon travail. J’ai besoin d’un renseignement pour cela.

374 2787 1860 72 — La fille n’est peut-être pas du tout allée là-bas, dit Hartog d’une voix

310 2862 1339 72 pateline. Si elle y est allée, elle n’y est peut-être plus.
