2550 3301
414 298 472 68 — C’est pas à nous.

392 379 615 70 — Monte, nom de Dieu!

374 452 1856 72 Elle empoigna Peter et le précipita à l’intérieur, claqua la portière sur lui,

311 529 1490 63 fit le tour, prit le volant. Elle claquait de nouveau des dents.

421 612 1270 61 — Mais tu voles la voiture! s’exclama le garçonnet.

372 687 1862 70 Julie passa en première en grimaçant. Elle avait l’impression qu’une dent

310 761 952 64 de fourche était plantée dans son bras.

379 839 1105 70 — On va se faire mettre en prison, dit Peter.

370 918 1862 70 Un des deux sapeurs fit signe à Julie de se hâter de passer. La jeune fille

308 992 1919 67 accéléra, fila sur le boulevard. Elle vira au premier carrefour qui se

308 1063 1920 72 présentait, jeta la 2 CV dans une route étroite et sinueuse. Au-dessus des toits

310 1137 1918 64 des dernières maisons, des montagnes rondes et vertes obstruaient l’horizon.

313 1206 631 75 Bien, pensa Julie, bien...
