2550 3301
310 297 1924 64 brusquement glisser son pied droit. Elle tomba brutalement sur le dos et

308 370 1922 62 entendit le coup de départ se répercuter sur la surface du plateau. Elle se

305 448 1925 55 releva tout de suite et plongea avec Peter par la porte ouverte. Quelque

306 513 1928 64 chose s’enfonça dans le mur de l’entrée avec un bruit de branche qui casse et

311 588 1921 61 une autre détonation résonna. Julie constata distraitement que le talon et la

311 660 1921 60 semelle de sa chaussure droite avaient été complètement arrachés par le

308 728 1922 75 premier coup. La plante de son pied la brûlait. Thompson lui avait tiré

310 801 1924 64 dessus de l’extrémité du labyrinthe. Il était parvenu au coin du bâtiment et la

308 869 1922 77 jeune fille l’entendit défoncer une fenêtre. Elle regarda l’oreille arrachée de

310 944 842 62 Peter. Le crâne n’était pas atteint.

374 1028 1548 59 — Cours, va te cacher! Vite! dit-elle en le poussant en avant.

374 1105 1854 65 Il fit trois pas et se retourna vers Julie. Il était en larmes. Il lui tendit les

311 1181 149 56 bras.

376 1254 721 71 — Va te cacher! hurla Julie.

370 1331 1862 70 Elle réussit à lui faire peur. Il fila dans le couloir. La jeune fille se releva

310 1410 825 60 et se mit à courir vers la cuisine.

368 1487 1866 66 L’épaule fracassée, Hartog réussit à se mettre debout. Il tenait à présent

310 1560 1920 66 l’Arminius dans la main gauche. D’une démarche mal assurée, il se dirigea

315 1635 1079 68 vers un angle mort, à la suite de Thompson.

374 1711 1862 64 Le tueur venait de s’engouffrer à l’intérieur de la Tour Maure en défonçant

308 1784 1924 62 une fenêtre. Il se précipita le long d’un corridor obscur, percuta une porte de

311 1854 1919 66 l’épaule et fit irruption dans une cour intérieure où coulait un ruisseau. Collé

310 1927 1918 68 à la paroi, il bondit d’un mur à l’autre, à toute vitesse. Pirouettant sans arrêt,

311 2000 1923 63 il avait l’air d’une caricature de lui-même. Tous ses réflexes jouaient deux

310 2070 1920 64 fois plus vite que de coutume. Il franchit comme un toton l’espace à ciel

308 2145 1922 61 ouvert, passa une porte, se retrouva dans une chambre vide. Il grinçait des

310 2213 1918 66 dents. Ses yeux roulaient dans leurs orbites. Sa barbiche était gluante. Il

311 2286 191 61 bavait.

370 2365 1866 63 Julie entra dans la cuisine. Fuentès n’y était plus. Il était retourné au

310 2437 1924 75 placard. Il rechargeait. Il se redressa, fusil braqué, à l’instant où Thompson

310 2521 1924 61 surgissait dans l’embrasure de la porte. Fuentès, contre toute logique, fut

308 2585 1926 63 surpris de voir un visage inconnu. Son doigt hésita sur la détente. Thompson

310 2655 1922 62 se laissa tomber sur un genou, sous la ligne de feu du fusil, et fracassa d’une

311 2726 1919 67 balle le tibia de Fuentès. L’architecte tomba sur le sol de terre et cria de

310 2800 216 64 douleur.
