2550 3301
379 295 1851 73 — On la tue immédiatement et on file par la nationale 496, énonça

317 370 286 71 Thompson.

374 451 770 62 Il fourra la main sous sa veste.

374 528 1148 71 — On ne la pend plus ? demanda Coco, ahuri.

376 610 974 70 — On la tue. C'est tout ce qui importe.

370 685 1860 68 La Simca fonçait sur Julie en rugissant. La jeune fille sembla se réveiller.

310 761 1920 64 Elle prit Peter par la main et se mit à courir entre les voitures garées sur le

308 832 203 62 trottoir.

376 913 1856 64 Thompson sortit de sa veste sa main armée d’un automatique SIG pour tir

308 984 1922 64 à la cible, de forme bizarre. On aurait dit un jouet peu réaliste. De l’autre

310 1059 1561 61 main, Thompson baissait à toute vitesse la vitre de sa portière.

370 1133 1862 66 À dix mètres de l’objectif, Nénesse rétrograda. Freinée par son moteur, la

310 1208 1917 66 Simca ralentit brusquement et se pencha en avant sur sa suspension usée.

313 1278 1921 64 Thompson entendit éclater contre son oreille le coup de feu de Coco. Julie fit

308 1351 1922 64 un plongeon dans la poussière, mais Thompson vit l’impact, trop haut, sur le

310 1426 1922 63 toit d’une R4 en stationnement. Julie rampait à toute vitesse, contournant la

313 1501 211 63 voiture.

377 1575 1853 64 Thompson sentait une main de fer lui moudre les viscères. Il vit le visage

310 1644 1922 78 pâle de Peter derrière sa mire et pressa la détente du SlG au moment où

310 1718 1924 73 Nénesse donnait un coup de volant brutal. La balle passa sous l’oreille du

315 1808 273 57 garçonnet.

374 1868 884 70 — Je vais les écraser, dit Nénesse.

370 1949 1860 68 La Simca, virant à la limite de l’équilibre, escalada le trottoir, cessa

310 2022 911 70 d’adhérer au sol, fit un tête-à-queue.

374 2101 959 62 — Connerie de chiotte! cria Nénesse.

372 2185 1860 61 Julie, tenant Peter par la main, repartait en sens inverse, zigzaguant entre

311 2257 1921 68 les voitures stationnées. Coco fit feu sous le nez de Thompson, pour la

311 2327 1921 62 seconde fois, et la poudre brûlée cingla le visage du Britannique. La Simca

308 2398 1922 66 qui continuait à glisser heurta la R 4 et lui arracha une aile. Julie plongea

310 2472 541 60 entre deux véhicules.

381 2549 1266 60 — Arrache-toi, Nénesse! hurla Coco. C’est foutu!

372 2629 1858 64 Il vida son revolver au petit bonheur. Les projectiles ricochèrent en tous

311 2715 1921 50 sens sur les carrosseries. Il pleuvait du verre sécurit. Moteur rugissant, la

311 2774 1609 64 Simca bondit de nouveau sur la chaussée, tournant le dos à Julie.

370 2851 1858 66 — Arrêtez, imbécile, je vous ordonne de vous arrêter, dit Thompson d’une

311 2923 343 64 voix blanche.
