2550 3301
1084 605 378 66 VINGT-TROIS

381 869 1851 64 Thompson avait jugé qu’il ne pouvait plus attendre. Avec une rapidité

305 943 1922 66 confondante, le magasin se transformait en maison de fous. De plus en plus

310 1015 1920 63 de gens se mettaient à courir. Un sillage de débris marquait dans les travées

308 1085 1926 72 le passage de Julie. Des femmes hurlaient. Plusieurs vendeuses s’étaient

308 1157 1922 66 mises à agiter leur petite cloche à manche, normalement destinée à appeler

310 1230 1922 64 un chef pour qu’il fasse la monnaie ou contrôle l’identité d’un client qui paie

310 1302 1922 71 par chèque. Au-dessus du vacarme flottait la voix sereine mais tonitruante de

310 1371 1920 66 la mère Baez, diffusée par haut-parleur à titre de fond sonore. C’était le

311 1445 197 64 bordel.

377 1527 1855 59 Thompson avait tendu le bras, et son estomac lui fit tellement mal qu’il

306 1591 1928 68 crut qu’il se déchirait, et la silhouette de Julie tressaillit derrière la mire du

311 1676 1921 55 SIG. La jeune fille tomba par terre. Thompson doubla aussitôt son tir à

308 1736 1922 66 travers la foule en délire. Le second projectile (9 mm Parabellum) fit voler

306 1810 1928 64 en éclats la tête d’un client éperdu. L’homme courait, il jeta les bras en avant

308 1885 1926 62 comme un plongeur et fit un plat sonore sur le sol du magasin. Thompson

310 1958 1920 61 frissonna. Son estomac était comme une grosse boule de feu. Ses narines se

306 2026 1928 68 dilataient à l’odeur de la poudre. Il n’avait pas prêté attention aux

306 2097 1926 63 détonations. Mais tout autour de lui, la foule était absolument devenue

308 2171 1922 64 dingue. Des gens continuaient à passer en courant et en hurlant, entre Julie

311 2244 1921 63 assise par terre et l’automatique qui la cherchait. Thompson ne vit plus Julie

306 2314 1924 64 ni Peter. Il s’élança dans une travée, renversant une vieillarde qui se mit à

308 2387 1922 74 pleurer de terreur. Il longeait le rayon garçonnet, la bouche pleine de bile. Il

306 2459 1924 62 entendit une explosion assourdissante et supposa que Coco se décidait à

308 2530 1924 64 ouvrir le feu. Des morceaux de matière plastique voltigèrent au-dessus d’un

308 2602 1920 69 étalage. Un tumulte énorme monta du magasin. C’est excitant, je suis excité,

310 2673 1918 72 songea Thompson en crachant la bile sur le sol. De plus en plus de gens

310 2747 1918 69 s’étaient couchés par terre, se tassaient contre la base des étalages. Les

308 2818 1919 64 mères mettaient leurs enfants sous elles pour les protéger de leurs corps.

317 2890 1420 66 Tout ce monde braillait. Thompson riait comme un bossu.
