2550 3301
1122 608 305 68 VINGT-SIX

372 867 1866 66 La Ford Capri roulait à 130 km/h sur la nationale 496. Thompson avait

305 946 1928 74 l’impression d’avoir avalé de l’huile bouillante. Il se cramponnait à son

313 1026 1736 52 volant, que son menton venait heurter lorsqu’une nausée le convulsait.

370 1089 1860 66 Des virages très durs l’obligèrent à ralentir. La voiture rebondissait sur

310 1162 1918 70 les inégalités du revêtement. Les roues, sollicitées de façon saccadée,

308 1236 794 71 hurlaient. Thompson zigzaguait.

370 1316 1866 64 Au bout d’une quinzaine de kilomètres, il donna un coup de frein brutal et

306 1388 1930 71 jeta la Ford dans une piste herbeuse qui quittait la route à angle droit et

310 1463 1922 60 montait entre des bouquets de pins. Des ornières creusaient l’argile. La

313 1536 1917 59 voiture dansa grotesquement. Un choc brutal projeta Thompson en avant.

308 1602 1924 66 L’homme donna du front contre la vitre, se rétablit, rétrograda, accéléra

308 1676 1926 64 derechef. Le moteur hurlait. Le ventre du véhicule raclait le centre du

308 1751 1922 60 chemin, heurtait des blocs de granit enfouis aux trois quarts. Par instant, les

308 1821 1922 62 roues patinaient sur l’herbe grasse, s’emballaient follement. Un nuage de

313 1896 978 68 vapeur empanachait les pneus brûlants.

372 1973 1862 64 Buissons et arbres furent très vite très nombreux de part et d’autre de la

306 2044 1924 74 piste. Leurs branches fouettaient les flancs de la Ford. La pente se fit plus

310 2119 1924 61 dure. Le capot de la voiture s’élevait devant Thompson comme l’avant d’un

308 2189 1922 63 navire. Le tueur grinçait des dents. Il montait à présent au sein d’une

313 2259 382 66 véritable forêt.

370 2338 1862 64 Enfin, il sentit le pont arrière heurter un obstacle. Le choc se répercuta

310 2413 1924 62 dans toute la voiture. Elle parut s’affaisser. Un couinement continu monta du

310 2484 1922 63 châssis. Thompson braqua à gauche, dans une trouée exiguë. La Ford faucha

310 2558 1917 60 un buisson, s’inséra entre deux arbres, rebondit dans une combe minuscule.

310 2629 1918 66 Le pare-choc avant s’enfonça dans la mousse et la terre, le moteur gronda,

311 2701 1916 70 s’emballa, la voiture n’était plus propulsée, la transmission était cassée,

313 2772 1444 65 l’engin s’affala, rugissant, sur ses amortisseurs massacrés.

379 2855 697 70 Thompson coupa le contact.
