2550 3301
1093 607 358 66 VINGT-NEUF

381 869 1847 64 Vue de près, la Tour Maure semblait plus anormale encore qu’en photo.

305 943 1922 66 La construction s’était manifestement appuyée sur quelques bâtiments

310 1017 1924 68 préexistants, de ces étables montagnardes que les Auvergnats nomment

306 1085 1922 74 jasseries. Mais celles-ci avaient été littéralement submergées sous les

308 1160 1922 70 pierres, qui formaient des dômes courts, des terrasses guère horizontales, des

308 1228 1926 64 amoncellements informes. La Tour Maure n’avait rien d’une tour. Elle s’était

308 1302 1922 62 étendue sur la surface de la montagne sans s’élever. On aurait dit un temple

310 1373 809 70 siamois aplati au marteau-pilon.

372 1457 1860 55 Peter s’était immobilisé près d’une excroissance de la bâtisse, où

311 1522 1921 77 s’ouvrait un trou noir comme l’entrée d’un tunnel. Julie le rejoignit en

308 1595 1917 70 haletant. Elle grelottait. Le ciel était violet, l’ombre couvrait la montagne,

311 1670 1196 61 une lune jaunâtre et rongée flottait sur l’horizon.

376 1747 765 72 — Il n’y a personne, dit Peter.

370 1830 1860 68 Le labyrinthe de pierrailles était obscur. Julie avança vers le trou noir,

310 1901 1922 64 trébucha dans les cailloux, les herbes folles. Quelque chose roula et tinta

310 1973 1920 64 sous ses pieds, et il lui sembla que c’était une boîte de conserve. Une lueur

311 2046 1923 62 vague dansa dans le tunnel. Julie avança encore et heurta du front un rideau

308 2127 1926 58 de perles qui se mit à danser et à s’entrechoquer. Entre les boules de verre et

310 2191 1918 68 de bois s’apercevait une pièce. D’un mouvement brusque du bras gauche,

308 2259 1029 66 Julie écarta les perles et franchit le seuil.

370 2336 1860 66 Elle se trouva au bord d’une salle voûtée, banalement meublée. Une table

310 2413 1920 62 de cuisine, des chaises, un carrelage laid, Peter se serrait contre la jeune

311 2477 142 70 fille.

376 2560 838 75 — Holà! cria-t-elle. Quelqu’un!

370 2642 1862 62 Un calendrier des postes était accroché au mr ripoliné, décoré d’une

306 2714 1924 73 photographie représentant des chats dans un panier. Il était hideux. Julie le

310 2789 1918 60 considéra en vacillant. Elle cligna des yeux. Le calendrier était immense.

311 2860 1917 63 Hallucination. La jeune fille trébucha jusqu’au mur et posa sa main sur le
