2550 3301
310 298 1920 63 livrée de drap bleu, chemise blanche, cravate rouge, casquette. Il enleva sa

308 370 1922 62 casquette et ses cheveux apparurent. Ils semblaient taillés au bol. L’homme

305 437 1928 85 ouvrit la portière arrière. Un individu de son âge mit pied à terre. Il portait

308 515 1922 62 un pantalon à pattes d’éléphant et une saharienne en panne de velours argent.

310 586 1920 63 Ses cheveux courts, roux clair, presque filasse, étaient très fins. Son visage

311 662 1923 60 long, intelligent, mobile, hautain, rappelait Franchot Tone à ceux qui savent

308 729 1924 65 qui c’est. Sa peau rose était couverte d’une profusion de taches de rousseur

308 803 1926 64 qui ne contrastaient guère avec son teint. Ses yeux étaient vert d’eau. Il avait

311 874 1099 63 l’air d’un mutant dans un feuilleton télévisé.

374 955 1858 60 Des graviers atterrirent en crépitant sur l’arrière de la Lincoln. Le

306 1026 1922 78 chauffeur et le rousseau se tournèrent vers le lanceur, un quadragénaire mal

308 1096 1614 68 rasé, en blouse bleue. Une fille vert pistache se hâta d’intervenir.

374 1177 1370 70 — Vous lancez des graviers sur la voiture, Guillaume?

374 1258 218 67 — Hon.

372 1335 1178 71 — Pourquoi faites-vous ça? Pour l’esquinter?

372 1415 1860 66 Le quadragénaire haussa les épaules, tourna les talons et s’éloigna d’un

310 1489 1627 67 air furieux. La fille vert pistache, affable, s’adressa aux arrivants.

374 1567 387 66 — Messieurs?

376 1650 1056 61 — Hartog, dit le rousseau. Je suis attendu.

377 1727 661 68 — C’est pour une entrée?

381 1806 1259 71 — C’est pour une sortie. Est-ce que j’ai l’air fou?

372 1885 297 64 La fille rit.

377 1967 1762 74 — Pas plus qu’un autre. Ne prononcez pas ce mot ici, vous choqueriez.

374 2048 493 68 — J’aime choquer.

372 2125 1022 71 — Vous feriez du mal aux pensionnaires.

372 2206 1403 62 — Je ne suis pas sûr de désirer ne pas leur faire du mal.

372 2285 1860 71 — Quoi donc? fit la fille en se penchant, déroutée par la syntaxe de la

310 2360 196 69 phrase.

377 2437 1859 60 — Assez causé, dit le rousseau. On m’attend. Du moins, on doit

310 2510 1091 61 m’attendre. Je viens chercher une personne.

370 2585 1860 75 — Prenez l’escalier, dit la fille soudain fonctionnelle. Entrez. Il y a une

308 2660 1247 74 permanence dans le hall. Voulez-vous m’excuser?

376 2739 423 66 — Une seconde.

376 2820 1467 68 Le rousseau examina l’arrière de la Lincoln. Il se redressa.
