3060 3960
477 393 2195 80 Au-dessus du plancher brillant, la carcasse du bal est en place, clouée,

376 484 2296 83 vissée, rivetée. La horde de garnements qui vire à l’intérieur s’en échappe,

372 569 585 88 dévale l’esplanade.

1224 693 594 81 Clairon, trompette,

1232 778 581 93 Qui chie, qui pète,

1235 871 574 88 Qui prend son cul

1188 968 672 68 Pour une trompette...

477 1078 2202 83 Braillant, harcelant le misérable pitaud glapissant, la horde déboule en

369 1170 2307 75 trombe devant l’école. Là, elle flotte un moment, tournoie, bouscule

372 1269 2307 68 l’aubergiste qui sort en s’épongeant le front avec un grand mouchoir à

369 1353 2307 83 carreaux. Le bonhomme distribue quelques coups de pieds, quelques

372 1447 2309 71 beignes. La meute s’écarte, amorce une nouvelle trajectoire. L’aubergiste fait

374 1533 2302 75 signe à son épouse d’entrer dans la salle d’école. Autour de lui un groupe de

374 1641 614 68 paysans se resserre.

479 1740 1788 86 — Dis donc, t’y es resté une paille, qu’est-ce qu’i' voulaient?

479 1859 2189 88 — Oh, un peu d’ tout ; comment qu' les Bougnoules étaient arrivés ici...

372 1953 1637 75 comment qu' ça s’était passé avec les gars du village...

479 2068 2195 90 — Les Bougnoules! Moi j’aurais pensé qu’i' z’étaient montés rapport à c't'

369 2160 579 75 affaire au Cinabre.

493 2279 2188 88 — Tu parles! Pour un malheureux misérable d’ Cinabre, déplacer un

372 2371 2300 90 député! Les gendarmes, j' dis pas... encore qu’i' sont déjà vnus et r’partis...

372 2461 499 86 mais un député!

486 2582 2184 84 — Moi, j' vous dis, y a qu' c’t' avion... Parce que faut pas croire, F

369 2673 2305 88 député et les gendarmes, c’est pas les Bougnoules non plus qui les

374 2765 356 75 intéressent.

490 2882 2178 74 — Sauf qu' les deux affaires, elles ont toutes les deux à voir avec F

374 2974 1776 88 Mistigri... Pour moi, y aura quelqu’un qu’aura porté plainte.

482 3091 671 85 — Plainte contre qui?

482 3207 1001 90 — Contre les Bougnoules, pardi!

484 3333 1048 85 — Qui ça? Sûrement pas les filles.

479 3451 472 86 (Ricanements.)
