3060 3960
488 363 2193 72 — C’est une bien malheureuse histoire, dit-il, la famille Charvaysse est

369 451 2307 77 une des meilleures de la région. D’après ce que je sais, il y a bien longtemps

372 541 2307 75 — il a aujourd’hui plus de soixante-dix ans - l’aîné a fait des bêtises et a été

369 631 2305 88 condamné au bagne. Depuis, il est revenu s’installer au pays avec une

369 723 1636 84 personne de couleur. Il vit dans une jasserie au-dessus.

479 842 346 88 On frappe.

479 961 806 75 — Entrez, dit le lieutenant.

479 1078 890 77 — Ah, vous voilà Manchetti!

482 1201 1776 77 — J’ai les photos prises de l’hélicoptère, mon Commandant.

477 1320 2199 77 L'officier sort de la poche de sa vareuse une paire de lunettes à double

372 1414 2307 75 foyer et les chausse pour examiner les photographies que lui tend le nouvel

372 1509 279 68 arrivant.

488 1623 2191 84 — Cette jasserie, comme vous dites, où se situe-t-elle par rapport à

372 1711 1915 75 l’avion? Donnez-moi la carte, Fournier. Merci. Tenez, regardez.

477 1832 2204 77 Boyer amorce un tour de table. Le commandant fait pivoter la carte d’un

372 1925 2304 81 quart de tour. Boyer s’arrête, se penche. Le lieutenant et le député se

369 2013 1654 85 rapprochent. Boyer cherche, finit par désigner un point.

484 2129 2192 84 — Oui, là. Juste au-dessous du signal. Et on la voit là, cette tache blanche

372 2222 391 85 sur la photo.

484 2343 2190 85 — C’est quand même assez loin, remarque le député. Vous pensez, Boyer,

372 2433 1340 86 qu’il a pu aller voir les choses de plus près?

479 2549 2200 77 — J' peux pas dire. Il a des drôles de mœurs, le Tonton. Il y est peut-être

369 2640 2312 79 même allé tout de suite. C’est un peu un oiseau de nuit. Si vous vous attardez

369 2732 2314 84 le soir, vous risquez de le rencontrer au détour d’un bois, avec son anneau

369 2820 2307 79 d’or dans l’oreille, à chercher avec son regard luisant des herbes ou le diable

374 2932 299 66 sait quoi.

479 3031 2200 77 — Manchetti, dit le commandant, vous allez prendre avec vous deux

369 3119 2290 79 hommes et faire un tour du côté de cette jasserie. Vous l’avez bien localisée?

479 3245 795 81 — Oui, mon Commandant.

482 3361 2194 77 — Parfait. Vous repérez s’il y a des gens qui s’intéressent à la chose. Je

376 3454 1222 77 veux la plus grande discrétion, compris?
