3060 3960
482 393 2194 75 Dès qu’on a passé le petit pont au dos d’âne gazonné, le chemin monte

369 479 899 90 jusqu’au domaine de Mistigri.

477 600 2197 77 La pleine lune éclaire le feutre cabossé rabattu sur les veux du vieux.

369 690 2307 77 Escorté de son chien fou, il vient d’abandonner le chemin et grimpe par le

374 783 2305 77 flanc de la pente lorsqu’il entend l’avion. Il tient à la main un fusil à deux

367 871 2307 81 canons. Avec ses bras en balancier et sa houppelande qui flotte autour de lui,

374 965 2305 71 sa silhouette évoque un oiseau nocturne géant. Il s’arrête sous un chêne

367 1051 2307 77 dévoré par la mousse, prête l’oreillç, tâchant d’entendre à travers les rumeurs

374 1141 260 75 du bois.

482 1262 2192 75 Un gros volatile, chouette ou grand-duc, s’envole, se réfugie plus loin.

369 1348 2307 82 Au-dessus de lui, Mistigri devine les bâtiments, un contrefort, la rondeur

372 1443 882 75 d’une tour. Il reprend souffle.

477 1559 2202 86 Le bruit de l’avion se fait plus précis. Le vieux peut voir les feux de

372 1647 2307 82 l’appareil glisser au-dessus de la dentelure noire du Cézallier. Il continue de

372 1740 2307 86 grimper, ses souliers butant dans la rocaille. Quand il s’arrête, il se trouve

369 1832 2310 75 sur un ressaut de basalte où foisonnent les genêts, presque de plain- pied

372 1929 574 68 avec son domaine.

479 2039 2197 79 La cour de la bastide est éclairée par un feu d’enfer. Ce sont ses meubles

372 2131 2304 77 qui achèvent de brûler. Des silhouettes s’agitent, poussent des choses dans le

372 2224 2304 75 brasier qui les absorbe en ronflant; lorsqu’elles passent près du feu, Mistigri

369 2312 2312 88 peut reconnaître des visages. Voici la Mariette, sa plus jeune fille. Nue au

369 2400 2305 79 milieu des Bougnoules, elle danse en brandissant un grand coutelas qui

369 2492 524 86 dégoutte de sang.

482 2613 2194 75 Le vieux fait quelques pas. Il titube. Son fusil levé contre le ciel, il

374 2703 2302 82 gesticule en hurlant des imprécations. De voir ainsi sa femme, ses filles, il

369 2789 2305 86 enrage. Il lui faut se précipiter chez lui, rétablir l’ordre. Il dévale la pente,

372 2884 2304 70 tombe dans un lieu vague de broussailles. Il lui parvient des odeurs de

372 2974 2296 75 menthe sauvage. Il remonte, arrive à la poterne qui ouvre la cour de la ferme.

479 3091 2195 77 Les étables sont ouvertes. Les vaches essaient de fuir dans l’obscurité.

369 3181 2307 83 Hommes et femmes, gourdin en main, les obligent à tourner autour de

369 3271 2305 79 l’incendie en un carrousel fantastique. Au-dessus, l’avion qui a changé de

372 3363 1866 77 route décrit des cercles, serrant au plus près la colonne de feu.
