3060 3960
479 363 2195 74 Un milan plane très haut dans le ciel. Ue braconnier vient d’être retrouvé.

372 451 2304 74 Leur procès — verbal dressé, les gendarmes se sont installés au débit de

372 543 2080 81 boissons, et les hommes du village ont organisé la remontée du corps.

479 662 2197 77 Il n’y a pas une parole, sinon quelques interjections en patois à l’adresse

369 752 2307 75 des bœufs. Leurs sabots progressent régulièrement, nets et lents dans l’ombre

369 842 2307 75 clignotante du chemin creux. Le char monte par à-coups, écornant les roches

369 935 2312 70 et les racines. Des taons et de grosses mouches bleues chantent

369 1023 2310 72 inlassablement autour de la charogne. Un tas de branchages recouvre la

369 1111 2307 77 dépouille. On a cueilli aussi de la menthe sauvage, mais l’odeur pénible

376 1203 1173 75 s’entête. Les hommes fument sans arrêt.

484 1322 2192 75 Sur un ressaut de terrain, Mistigri est debout. Les épaules larges, la

369 1414 2305 82 moustache fournie, le regard gris fer, il a sa blouse noire des jours de foire,

372 1504 2304 73 et un feutre cabossé est posé sur ses cheveux sales. Songeur, il regarde

372 1597 543 79 passer le charroi.

482 1711 2190 86 La roue tourne, pense-t-il. Il se rappelle la quête du corps de l’Eugène,

374 1804 2307 74 l’autre Eugène, son premier fils, celui du premier lit, qu’il a lui-même abattu

369 1892 2310 74 il y a vingt-cinq ans... Un quart de siècle, se dit-il. Il ne peut s’empêcher de

372 1982 2309 83 penser qu’il va sur ses soixante-dix ans! Soixante et dix ans! L’âge du

378 2070 2276 77 Tonton à deux années près. Soixante-douze ans, il a, le Tonton! Le Tonton...

479 2191 2197 75 Le Tonton, c’est son frère, l’aîné des quatre Charvaysse, dont le

369 2279 2305 83 quatrième est curé. Ils étaient quatre fils : Léon, le premier, c’est le Tonton,

372 2371 2300 86 sobriquet sous lequel il est connu dans toute la montagne; ensuite, il y a lui,

374 2464 2298 83 Michel, dit le Mistigri; après il y a l’André; et puis le curé, Géraud.

374 2554 1244 72 L’André, il est mort, mais il a eu le temps

477 2668 2199 79 de faire quatre enfants tout comme lui. Ils habitent de l’autre côté de la

376 2763 2300 75 vallée, sur la Bastide Albepierre. Mistigri les craint bien un peu, ce qui ne

372 2851 2296 83 veut pas dire qu’il en ait peur, mais qu’il préfère les voir le moins possible...

369 2941 2305 77 Pour en revenir au Tonton, c’est un ancien de Cayenne, la honte de la famille.

369 3029 2312 79 Il a réussi sa « Belle », comme il dit. Dix ans à l’île du Diable; évasion en

372 3119 2307 90 pirogue sur le Maroni; ensuite, plus de vingt ans au Venezuela, au Brésil, à

369 3212 2307 85 Haïti. Quand il y a eu prescription, il est revenu au pays avec une négresse

369 3304 2307 84 plus jeune que lui de trente ans. Ils vivent ensemble sur la montagne, dans

372 3392 2307 75 une vieille jasserie où ils font des feux de tous les diables. Ils passent la

369 3480 2310 90 journée là, vautrés dans des fourrures, au milieu d’un brouillard d’encens et
