3060 3960
372 367 2302 70 bourrelets de chair qui entourent ses yeux sont devenus violets. Il se redresse

372 455 2247 75 et revient vers la buvette, fendant inconsciemment le cortège qui s’organise.

482 572 1072 74 — S'cusez, répète-t-il plusieurs. fois.

482 693 2194 74 A l’ombre, sur le bord de la terrasse, les trois autres se sont redressés

369 783 2305 88 pour regarder passer la petite foule. En retour, les paysans les observent sans

369 877 265 66 retenue.

482 990 2188 79 Les yeux cernés de Mariette rencontrent ceux de Saïd et ne cillent pas.

369 1089 2307 70 Par un léger mouvement de la bouche et des yeux elle prend une expression à

374 1177 2302 70 la fois provocante et rieuse. Elle porte une robe noire avec un col et des

369 1260 2312 77 manches de dentelle qui la font paraître plus vieille. Un fichu violet

372 1355 1807 72 dissimle une partie de ses cheveux. Saïd sourit étroitement.

477 1471 2199 77 Alertées, les femmes qui entourent Mariette, ses sœurs les jumelles et sa

372 1562 2302 83 belle-mère lèvent les yeux à leur tour. Marguerite, la femme de Misti-gri,

369 1652 2312 77 une mantille sur la tête, est tout habillée de noir, comme une vieille, mais un

369 1740 2307 79 imperceptible sourire, quand elle sent sur elle le regard du Barbeau, montre

372 1832 1827 75 qu’elle n’a pas complètement oublié qu’elle est jeune et belle.

482 1949 2197 79 Des jumelles, Jeanne est la plus audacieuse. Ses terreurs de tout à l’heure

367 2039 2314 88 pendant le prône de l’abbé son oncle sont bien loin. Tête haute, elle soutient

367 2129 2314 77 effrontément le regard de Chtouki posé sur elle. Affectant de croire son fichu

372 2224 2307 72 dénoué, elle a un joli geste pour le faire tomber et secouer à l’air libre sa

372 2312 2307 75 chevelure splendide. Quand elle le remet, elle sait que les regards des quatre

369 2402 2305 77 hommes sont sur elle, et son visage va de l’un à l’autre, doucement, sans

369 2492 1632 77 malice apparente; mais ses yeux brillent et démentent.

482 2611 2194 77 L’autre jumelle, la Nane, est plus sauvage, plus douce aussi. Son vrai

372 2703 2307 84 nom, c’est Anne, mais on l’appelle Nane pour la distinguer d’Annette, sa

372 2791 2304 77 cousine qui habite à la Bastide Albepierre... Quant à elle, la doucette, elle

372 2882 1479 72 se contente d’observer les étrangers à la dérobée.

486 3000 2188 77 Tandis que ce dialogue silencieux se nouait brièvement entre les

369 3093 2307 72 nouveaux arrivants et les femmes de la Bastide de la Croix-Morant, le

372 3185 2304 82 cercueil est sorti de l’église, porté par les quatre mêmes paysans

369 3271 2307 88 endimanchés. Mariette regarde son père. Marchant devant avec l’Eugène, le

372 3361 2300 82 vieux n’a rien remarqué. L’enfant regrette bien. Elle aurait été contente de lui

372 3449 427 79 faire la nique.
