3060 3960
372 453 2307 75 s’aperçoit que la Jeanne fixe, les yeux écarquillés, sa braguette ouverte. Il

477 363 2199 81 Jeanne ne dit rien. Elle a la gorge sèche. Fernand déraille, se tait,

372 543 2304 75 éclate d’un rire énorme. Jeanne est définitivement paralysée. Le rustre pose

372 633 2309 77 sa grosse pogne sur l’ouverture qui bée. Il rit plus fort encore en sentant son

367 719 2309 79 membre qui bande. Toujours riant, il penche la tête de côté d’une manière

367 811 2314 86 curieuse, manque perdre l’équilibre. Il se rattrape à la barrière, reprend son

369 904 2305 79 air grave. Jeanne se recule un peu, se décollant de la clôture. Le gros garçon,

372 994 2304 73 la tête penchée, commence à la contourner lentement en l’examinant. Il a

372 1082 984 79 gardé la main dans son pantalon.

484 1201 1266 75 — T’as un foutu nom de Dieu de beau cul!

479 1320 1629 77 Instinctivement, elle s’écarte, craignant l’attouchement.

484 1443 2190 75 — T’aimes pas qu’on t' le dise que t’as un joli cul? Pourtant c’est vrai, t’as

374 1533 768 75 un sacré foutu d’beau cul.

477 1650 2199 79 Il revient se placer devant elle, et encore il la regarde de son même air

372 1744 825 75 grave, presque douloureux.

482 1859 1626 96 - T’aimerais pas qu' j’y touche., hein, à ton sacré cul?

482 1977 383 80 Il s’esclaffe.

484 2103 319 81 — Garce!

479 2226 502 70 Jeanne sursaute.

479 2338 2195 93 Une des grosses patasses du Fernand lui empoigne un bras, l’autre une

374 2431 865 88 fesse. Il la plaque contre lui.

484 2554 1572 72 — Un joli cul comme ça, c’est pas pour les crouilles.

479 2668 2017 82 Il la palpe, la manie, la pétrit de ses pognes de brute. Il souffle fort.

481 2785 2196 82 — J' te frai pas d’ mal, lui murmure-t-il à l’oreille. Tu vas voir comme j'

376 2884 1766 75 sais y tâter. Tu vas voir comment que j' vais bien t’y faire...

479 3000 509 75 Jeanne se débat.

484 3117 918 88 — Sacré bon Dieu, gueule-t-il.

482 3245 2175 74 Il a réussi à lui passer une main entre les jambes. Il veut assurer sa prise.

482 3359 1065 92 — Puisqu’on va s' marier, j' te dis...
