3060 3960
374 365 2300 75 Mariette se le raconte. Ça commence comme tous les contes: Il était une fois

372 453 2309 75 un Roi... Ce Roi avait un fils. La Reine, la mère du Prince, était morte en

369 541 2307 77 mettant ce fils au monde. Le prince fréquentait une belle demoiselle. Le Roi

374 633 2300 86 guignait cette jeune personne. Le père et le fils eurent querelle, disputèrent,

369 721 2305 86 puis, de biais ou de droit fil, s’entendirent; sans doute, c’est ce qui se dit,

372 811 2309 77 décidèrent-ils de frayer à tour de rôle... Enfin, on ne sait trop bien comment

372 904 2309 83 ils s’arrangèrent; toujours est-il qu’une année passa et qu’ils fréquentaient la

369 992 2312 77 même jeune fille. Le Roi, comme vous l’avez deviné, se nommait Mistigri, et

374 1082 561 86 le Prince, Eugène.

482 1196 2199 84 A cette époque, le Mistigri ne quittait jamais son fusil, et l’Eugène non

369 1289 2310 90 plus. Dans la montagne, de Ardes à Muiat, on les craignait fort, surtout le

372 1379 2309 77 Mistigri qui était bâti comme une tour et qui était bien plus méchant et

374 1474 2309 74 vigoureux qu’il n’est maintenant. Toujours est-il qu’un jour, à la requête du

372 1562 2311 83 père, la demoiselle avait donné rendez-vous au fils au Four de la Mine, et

372 1650 2311 77 l’Eugène n’en était jamais revenu. Tué de deux coups de fusil, il avait été; et

369 1740 2307 88 par le Mistigri, tout le monde le savait, tout le monde le disait... Même les

372 1832 2311 84 gendarmes l’avaient appris. La drôlasse avait quitté le pays, mais on n’avait

372 1922 2311 84 jamais cherché d’histoires à Mistigri. Il était bien trop respectable, et

369 2010 2312 88 respecté. Toute une montagne lui appartenait, et il avait été décoré pendant

374 2103 2302 75 une guerre contre les Bougnoules, la guerre du Rif. C’était quelqu’un, le

374 2195 2302 73 Mistigri. Il se permettait même d’aller revoir régulièrement sa bonne amie à

369 2279 2305 83 Brioude, comme s’il n’y avait jamais eu d’embrouilles. Oui, c’était quelqu’un,

369 2369 2307 79 et qui faisait les choses royalement; il avait été jusqu’à diriger lui-même les

369 2461 2310 75 recherches; c’était lui qui avait retrouvé le corps de l’Eugène, la caboche

369 2549 2312 77 éclatée, et l’avait fait remonter sur un char à bœufs. Oui, c’était un roi, et

369 2640 2307 79 même si la Mariette le haïssait, c’était son père; elle était une princesse, elle

372 2734 1871 73 devait être digne de lui et, si possible, plus souveraine encore.

477 2851 2204 79 C’est pourquoi le conte n’en resterait pas là. La Mariette comptait bien en

369 2941 2310 75 faire une de ces histoires jolies à croire et qui ne courent les veillées qu’à

374 3033 2302 75 voix de confesse. Quand elle avait dit au Cinabre « Dans sept jours j’aurais

369 3119 2307 79 mieux du plaisir », elle n’avait pas parlé à la légère, elle avait déjà choisi sa

369 3212 2312 85 date, cette fête du 15 août, Assomption de la Sainte Vierge, sa patronne, et

372 3300 1367 77 fête de la paroisse des Martres-Sainte-Marie.

484 3423 2192 75 Pour mettre fin au conte, elle est venue au Four de la Mine dans sa robe

372 3511 2298 81 blanche de communiante et elle s’est même maquillée, c’est la première fois.
