3060 3960
484 363 1323 77 — Comment le saurais-tu? demande le père.

482 477 1162 88 — Le Tonton me l’a dit, répond la fille.

482 600 1206 84 — Tu vois le Tonton! s’exclame le père.

484 721 2188 86 — Oui, avec sa femme la négresse, répond la fille — et elle ajoute,

374 811 284 75 faraude:

484 930 2190 79 — Même que tout à l’heure c’est dans un drapeau noir qu’il se fera

374 1027 277 70 enterrer.

482 1141 750 86 Alors le vieux la frappe.

477 1267 2197 70 Mariette s’est tassée comme une bête, sur les dalles noires, entre les murs

369 1350 2307 75 chaulés de sa chambre blanche. Mistigri la bat avec sa baguette. Le bois

369 1438 2305 77 flexible siffle dans l’air. Les coups claquent. Le patriarche respire

367 1531 2312 88 régulièrement et bruyamment, le regard absent. A chaque coup, l’enfant

372 1623 2304 73 tressaute. Elle s’est mise en posture de s’abriter autant que possible des

369 1711 1795 86 cinglons, mais son regard n’est pas celui d’une bête apeurée.

479 1830 2202 77 Mistigri attend un battement de paupière, une plainte; mais Mariette s’est

367 1920 2307 88 juré de ne rien dire, de garder pour elle toute sa haine. Le père n’obtient rien.

372 2008 1987 79 Il est fier de l’attitude de sa fille, mais il s’est juré, lui, de la mater.

477 2131 2199 86 Le temps ne s’écoule pas, Mistigri ne cesse de frapper. Et soudain, les

367 2222 2309 72 nerfs de Mariette au bord de l’évanouissement flanchent. Sa bouche

369 2312 2305 77 entrouverte exhale une plainte, des larmes de rage jaillissent de ses yeux.

372 2404 2302 75 Rage contre son père, rage contre son corps auquel elle n’a su commander.

374 2492 513 75 Mistigri s’arrête.

482 2615 2194 73 Il tend à sa fille la médaille d’or que lui a rapporté le Tonton. Elle la lui

372 2703 2304 73 arrache des mains, sans mot dire. Elle a honte d’elle. Un jour, elle se

372 2789 2309 86 vengera, elle lui fera crier pitié pour cette honte qu’il lui a donné d’elle. Un

369 2882 2081 85 jour... et ça elle le jure... Au Mistigri, elle fera comme au Cinabre...

477 3000 2197 91 L'entendant marmonner, le père se penche. Il entend dans un souffle un air

367 3093 1094 75 de cantique, un murmure chantonné:

1122 3216 788 70 Je règne en souveraine...

1151 3304 740 73 Chez nous, chez nous...

479 3421 2197 77 L’enterrement a lieu le lendemain. Un enterrement, c’est encore une

372 3513 2302 79 occasion de se faire couper les cheveux et se raser. Le cabaretier a tiré à
