3060 3960
482 363 1756 72 — Embrasse-moi, dit-elle... J’ai envie que tu m’embrasses.

479 477 2197 81 Saïd ne répondit pas. Elle essaya de lui baiser les lèvres, mais il recula

372 572 2304 74 son visage. Cela devint un jeu. Jeanne s’énervait; elle se frottait contre

374 662 2300 75 l’homme, le corps en feu. Saïd essaya de se déplacer. Elle s’accrochait à lui.

372 754 2304 79 Il la ramena peu à peu contre le mur, tentant de l’y maintenir. Elle se débattit,

372 851 2309 66 se déchirant le dos aux pierres rugueuses et soudain, d’un croche-pied réussit

369 928 2307 81 à l’envoyer bouler dans le foin. Ils y tombèrent emmêlés et continuèrent de

372 1020 1413 84 s’y battre, Jeanne tentant de garder Saïd enlacé.

475 1139 2201 79 Il finit par se dégager. Il y eut une pause. Son corps était étendu à côté de

367 1232 2307 79 celui de Jeanne sur le sol de terre battue. Ils se regardaient en silence,

369 1322 2307 75 soufflant un peu. Ils pouvaient entendre le léger craquetis du foin qui se

369 1427 2307 62 remettait en place. Le corps de Jeanne roula doucement, commença une lente

372 1504 2258 75 reptation vers Saïd. Ses lèvres s’entrouvrirent pour une supplication muette.

482 1621 2194 75 — Embrasse-moi, faisaient les lèvres, embrasse-moi... Puis, encore plus

369 1713 2307 75 doucement qu’il était venu, de la même manière, le corps de la jeune fille

369 1806 676 77 commença à s’écarter.

482 1925 2194 74 Saïd se retourna d’un coup de rein. Il rattrapa Jeanne et la ramena à lui. Il

374 2013 687 77 l’étreignit brutalement.

499 2131 2175 86 — Prends-moi, dit-elle. Prends-moi maintenant. Vite, j' peux plus

369 2222 287 74 attendre.

479 2340 2200 77 Dans la cuisine, Chtouki achève son casse- croûte en buvant un grand

372 2437 462 82 coup de rouge.

479 2549 1295 88 — Par le fait, ça fait quand même du bien!

477 2668 2195 82 Ramos le regarde l’œil vide; Mariette est assise à côté de lui. Nane lui

374 2763 1373 75 fait face, le visage inquiet; Chtouki lui sourit.

479 2879 1489 84 — Fais pas cette tête-là. Tu devrais être heureuse.

479 3003 2200 74 La physionomie de Nane se crispe dans un sourire timide. A travers la

369 3093 2312 83 table, la chatte de Ramos se dirige vers elle. La jeune fille l’attrape au

369 3181 2310 86 passage ; elle lui caresse la tête, lui gratte le cou. L’animal se met à

369 3289 333 57 ronronner.

493 3388 2183 90 — Ben oui, quoi, dit Chtouki... Y a pas d’quoi en faire un drame par le

365 3478 154 92 fait.
