3060 3960
482 365 1855 75 Encore maintenant, elle s’en souvient avec rage et humiliation.

479 477 2202 92 Après, à croire qu’elle n’était plus bien à soi, elle avait été étrangement

369 572 2310 74 douce et gentille. Désormais elle ne s’en étonne plus : sans se l’être encore

369 660 2312 77 dit, elle s’était déjà juré inconsciemment de lui faire crier pitié. Oui, son

369 750 2310 77 temps viendrait. Presque tendrement, elle avait dit qu’elle voulait bien qu’il

367 842 2312 75 recommence. Lui, il paraissait épuisé : il était retombé sur le côté, son

369 930 1918 88 plaisir pris. Etonné, il avait demandé pourquoi elle lui disait ça.

482 1053 900 84 — Parce que ça me fait envie.

482 1172 2194 75 Mariette entend encore le son de sa propre voix. Pardi! Prétendre ceci

372 1262 2302 82 alors qu’elle avait autant envie du bougre que de coliques! Mais l’homme s’y

369 1355 914 83 était trompé, il avait proposé:

482 1474 607 72 — Maintenant alors.

482 1588 244 86 — Non.

482 1709 418 86 — Pourquoi?

486 1834 2188 84 — J’ai trop mal. Dans sept jours j’aurai mieux du plaisir. On dit qu’après

369 1922 678 75 on a mieux du plaisir..

479 2037 2197 81 Elle avait parlé net, mais finement. L’air de rien, elle avait marqué sa

369 2129 2241 93 proie de son bec et de ses griffes; elle se préparait vraiment du bon temps.

479 2246 2202 81 Le Cinabre avait dit d’accord ; puis il avait demandé où. Elle avait

367 2340 2309 82 répondu: au Four de la Mine. Il avait encore dit d’accord et il était parti,

374 2435 2309 73 sans se douter de sa condamnation par une Reine, car Mariette se voyait

374 2523 1078 75 Reine, ou à tout le moins Princesse.

484 2642 2195 75 La petite fille que la Reine d’aujburd’hui transporte en elle s’amuse de ce

372 2732 2309 75 souvenir. Le Four de la Mine! Il aurait pourtant dû se méfier le Cinabre! En

369 2820 2310 90 même temps, elle se dit que le Cinabre ce n’est jamais qu’un brigand

372 2926 2309 63 d’occasion, un malheureux traîne-besace, de ceux qui roulent sur les routes et

367 3000 2314 82 couchent dans les meules, et elle se demande si une malfaisance infligée à un

369 3088 1508 80 misérable de cet acabit suffira à la sacrer Reine...

479 3209 2197 77 Le Four de la Mine! Tout le monde dans le pays pouvait encore se

367 3300 2309 79 rappeler ce qui était arrivé à l’Eugène. Le premier Eugène, né d’un premier

367 3390 2309 83 mariage de Mistigri, son demi-frère donc, à elle, qu’elle n’avait pu connaître

372 3487 2298 74 et pour cause !... Oui, à se le raconter, c’était un conte vraiment magnifique.
