3060 3960
479 363 2197 85 Il glisse comme sur lui-même, se replie, tombe sur les genoux et répète

369 453 907 81 d’une voix encore plus basse:

479 569 571 84 — Veiqui ma môrt.

479 693 2195 74 Une tempête de rires et de braillements venus de la voiture lui parvient.

369 778 2305 80 La vieille 402 fait encore une fois le tour de l’esplanade en klaxonnant, puis

369 871 956 75 elle prend la route de la plaine.

482 987 1877 82 Sur la place du village, F aubergiste aida Mistigri à se relever.

482 1115 1512 81 — Toutes des garces! dit cet homme compatissant.

484 1234 1244 86 — Boyer, j' t’en prie, protesta son épouse.

482 1353 2194 74 Boyer baissa la tête et se tut. Mistigri aussi restait silencieux. Il avait le

369 1441 2305 79 regard vague, les yeux fixés droit devant lui. Un attroupement se formait.

372 1533 1008 75 Avec indignation, on commentait.

482 1647 2194 91 — Moi, la Marguerite, j’en aurais juré, avec la mère qu’elle avait! On le

369 1738 936 85 dit bien: telle mère, telle fille.

479 1861 967 88 — Quand on a ça dans le sang...

482 1982 959 81 — Elle aura entraîné les petites.

484 2101 1761 88 — Vous voulez qu' j' vous dise: toutes putes et compagnie!

482 2224 1272 81 — Avec des cochons pareils, remarquez...

479 2340 2178 80 — Ils ont dû te leur faire des sacrés tours. C’est vicelard, ces oiseaux-là!

482 2459 1177 86 — Pour sûr, ils te les ont embobelinés!

484 2582 1620 86 — C’est crâneur, malin et compagnie, ces sagouins-là!

479 2701 1066 86 — Quand même, ’y a pas d’raison...

484 2820 2197 86 — Y a pas d’raison, y a pas d’raison... ont pas besoins d’raisons. C’est

367 2908 2309 90 pis qu' des bêtes. Ces salauds-là, ça fait le Mal pour le Mal, pour le plaisir

369 2998 1194 79 d’mal faire. Pour ça, c’en a d’la malice!

484 3124 2188 74 — Ça serait même pas bon à donner à manger aux cochons, ces ordures-

374 3214 1248 75 là. I' seraient capables d’les empoisonner.

484 3330 711 86 — C' pauvre Mistigri...

484 3451 1109 86 — Et son garçon qu’est même pas là!
