3060 3960
488 360 434 86 — Assimilés?

484 481 1125 86 — Oui, il n’y a pas eu d’accrochages?

482 609 2194 68 Lorsqu’il avait senti venir l’orage, Ramos avait conduit la vieille 402

372 690 2309 77 sous l’auvent d’un toit qui faisait saillie sur la place du village. Il y avait

369 778 2307 88 passé toute la durée de la tourmente, biberonnant sec, la chatte blottie dans

372 871 2302 79 ses bras. Quand le soleil reparut, un peu avant la fin de la pluie, il était sur le

372 963 592 86 point de s’assoupir.

482 1078 2192 79 Les conscrits qui sortaient du débit de boissons reçurent les dernières

372 1172 2302 84 gouttes de pluie. Ils se précipitèrent vers le char pour faire l’inventaire des

372 1262 2302 75 dégâts. La bâche décorée de feuillage qui couvrait la voiture avait tenu bon.

372 1350 2304 77 Seules quelques brioches étaient mouillées. On pouvait entendre de lointains

369 1445 2305 73 roulements de tonnerre. Il y eut aussi plusieurs coups de canon, très

372 1535 2302 73 distincts: dans une commune riche, en plaine, on tirait sur les nuages de

374 1623 2298 86 grêle pour les éloigner. Le dernier sorti du café, après avoir scruté le ciel,

369 1709 2285 103 emboucha le clairon. Il fallait célébrer la fin de l’orage. Il sonna une retraite.

479 1830 2024 81 Le grand arcandier qui menait la bande, le gros Fernand, s’esclaffa:

482 1949 1855 88 — Quô es mas quô, una batalha? N’en retorna-rem ben faire!

477 2070 1623 83 (C’est que ça, une bataille? On en fera bien d’autres !)

482 2191 466 75 Et tous de rire.

479 2312 2204 75 Fernand est épais et rougeaud. Il a du bien, ce qui lui donne le droit

369 2402 2312 77 d’être le chef incontesté des conscrits et leur boute-en-train. Depuis peu, son

372 2488 2309 88 grand copain est l’Eugène, le fils du Mistigri. L’Eugène, tout le monde au

372 2582 2309 75 village le considère un peu comme un benêt; mais le Fernand fréquente, et

369 2670 2303 86 on dit qu’à son retour du régiment il épousera Jeanne, la sœur de l’Eugène.

367 2761 2307 77 C’est une fille qui rend les garçons fous. Ils ont tous cherché à l’avoir, sans y

369 2849 2312 90 parvenir. Fernand, lui, dit qu’il l’a eue. Quoi qu’il en ait été, il faut qu’il soit

374 2943 2307 75 sérieusement accroché pour parler ainsi de mariage. On dit même qu’il s’est

369 3029 2307 88 déjà entendu avec le Mistigri. Tout cela fait paraître l’Eugène presque

372 3121 1781 75 intelligent, en le posant comme futur beau-frère du Fernand.

479 3242 2197 75 Pour faire le faraud, le voici qui grimpe à l’une des ridelles du char qui

372 3333 2309 77 sous le poids menace de rompre. Il met sa main en visière, observe au loin

372 3423 2302 77 un ennemi hypothétique, puis s’adresse aux autres qui miment des attitudes

372 3511 405 88 belliqueuses.
