3060 3960
372 365 2300 86 le scarabée émerge du pissat, Chtouki soupire. Il paraît de plus en plus

376 453 986 75 fatigué. Il regarde encore le ciel.

479 569 1665 86 — On pourrait rester un peu ici, dit Saïd tranquillement.

479 690 2200 95 — Par le fait, avec l’orage qui se prépare, bâille Chtouki écrasant un taon

372 783 475 72 sur sa chemise.

482 902 1483 74 — Et puis y fait soif, articule péniblement Ramos.

477 1027 2127 73 Les mains sur les hanches, il regarde en direction du débit de boissons.

479 1141 2195 82 Il n’a rien, lui, de souverain. Ses jeans sont minables; marque française,

369 1234 2307 72 mauvaise coupe. Ils sont assortis aux Spartiates, qu’il porte sur des

372 1322 2309 75 socquettes poussiéreuses décorées de baguettes compliquées, et au T-shirt

369 1414 2307 73 bleu marine croisil — lonné qui laisse apercevoir un torse gras et velu. Tel

369 1498 2303 83 qu’il est, mal habillé, mal foutu, mal rasé, il détonne vraiment avec les autres.

486 1621 2195 84 — De toute façon, pour F moment, Chtouki en a marre de conduire, et

369 1713 1132 73 marre tout court, annonce le Barbeau.

477 1828 1143 90 — Par le fait, répète Chtouki soulagé.

479 1951 2202 77 Il se tourne vers le Barbeau qui est assis sur une portière. Le Barbeau

369 2043 2307 84 passe sur ses lèvres épaisses le revers d’une main lourdement baguée. A

374 2134 2302 72 l’intérieur, sur la peau plus claire, et tatouée en bleu, rouge et vert, une

369 2224 2312 72 femme nue encadrée de lettres rouges et noires alternées qui forment

374 2312 2307 75 l’inscription « Crève Salope!» Le vrai nom du Barbeau, c’est Miguel. Il est

369 2400 2305 79 moitié Marocain ou Espagnol, on ne sait trop, et moitié nègre. Son surnom lui

376 2494 2298 73 vient d’un de ses métiers, et aussi la chemise à rayures multicolores, le

374 2582 1955 77 Lewis blanc, les chaussures tarabiscotées, la moustache brillante.

479 2699 1707 79 — Et puis on n’a rien becté d’ la journée, conclut Chtouki.

484 2822 766 75 Le Barbeau saute à terre.

484 2939 2192 77 Tel qu’il était assis sur la portière de la 402, il ne donnait qu’une

369 3031 2307 77 impression de masse athlétique et trapue. Cependant, maintenant qu’il se

369 3121 2307 77 déplie, on voit bien qu’il est grand, un peu moins que Saïd, avec des épaules

372 3212 2302 77 larges, des jambes longues et musclées auxquelles colle la toile du jean, des

372 3302 1849 108 fesses plates, un torse en triangle, des bras forts mais élancés.

482 3421 2192 81 Lentement, les quatre hommes, l’œil arrogant, la démarche désinvolte,

374 3511 2300 88 gagnent le débit de boissons tandis que le ciel continue à s’obscurcir. Sur le
