<?xml version="1.0" encoding="UTF-8"?>
<alto xmlns:xsi="http://www.w3.org/2001/XMLSchema-instance"
      xmlns="http://www.loc.gov/standards/alto/ns-v4#"
      xsi:schemaLocation="http://www.loc.gov/standards/alto/ns-v4# http://www.loc.gov/standards/alto/v4/alto-4-2.xsd">
  <Description>
    <MeasurementUnit>pixel</MeasurementUnit>
    <sourceImageInformation>
      <fileName>page_00070.png</fileName>
      
    </sourceImageInformation>
  </Description>
  
  <Tags>
    <OtherTag ID="BT10547" LABEL="MainZone" DESCRIPTION="block type MainZone"/><OtherTag ID="BT10548" LABEL="NumberingZone" DESCRIPTION="block type NumberingZone"/><OtherTag ID="BT10549" LABEL="RunningTitleZone" DESCRIPTION="block type RunningTitleZone"/><OtherTag ID="BT10550" LABEL="TitlePageZone" DESCRIPTION="block type TitlePageZone"/><OtherTag ID="BT10551" LABEL="MarginTextZone" DESCRIPTION="block type MarginTextZone"/><OtherTag ID="BT10552" LABEL="QuireMarksZone" DESCRIPTION="block type QuireMarksZone"/>
    <OtherTag ID="LT4125" LABEL="DefaultLine" DESCRIPTION="line type DefaultLine"/><OtherTag ID="LT4126" LABEL="HeadingLine" DESCRIPTION="line type HeadingLine"/><OtherTag ID="LT4127" LABEL="default" DESCRIPTION="line type default"/>
  </Tags>
  
  <Layout>
    <Page WIDTH="3060"
          HEIGHT="3960"
          PHYSICAL_IMG_NR="66"
          ID="eSc_dummypage_">
      <PrintSpace HPOS="0"
                  VPOS="0"
                  WIDTH="3060"
                  HEIGHT="3960">
        
        <TextBlock HPOS="351.1320495605469"
                   VPOS="338.54266357421875"
                   WIDTH="2355.842803955078"
                   HEIGHT="3148.4902954101562"
                   ID="block_0"
                   TAGREFS="BT10547">
          <Shape><Polygon POINTS="351.132 338.543 2706.97 338.543 2706.97 3487.03 351.132 3487.03 351.132 338.543"/></Shape>
          
          
          <TextLine ID="eSc_line_8559b89c"
                    TAGREFS="LT4125"
                    BASELINE="482 422 2681 418" 
                    HPOS="479"
                    VPOS="360"
                    WIDTH="2202"
                    HEIGHT="86">
            <Shape><Polygon POINTS="2661 376 2313 376 2311 374 2296 365 2285 365 2263 365 2241 365 2219 365 2205 365 2192 374 2188 374 2144 365 2130 365 2108 365 2086 365 2064 365 2053 363 1902 371 1864 374 1862 371 1844 363 1844 363 1824 363 1794 371 1791 371 1789 371 1681 360 1679 360 1598 371 1560 378 1241 378 1228 371 1210 363 1208 363 1206 363 1140 369 1087 376 1067 369 1045 363 1043 363 940 363 937 363 935 363 933 363 924 369 911 376 479 369 482 422 482 435 1492 446 1494 446 2681 433 2681 418 2676 407 2661 376"/></Shape>
	    <String CONTENT="Il y eut autour de la table une imperceptible bousculade: Mariette tentait"
                    HPOS="479"
                    VPOS="360"
                    WIDTH="2202"
                    HEIGHT="86"
                    WC="0.9975542426109314"></String>
          </TextLine>

          
          
          <TextLine ID="eSc_line_7a81aea5"
                    TAGREFS="LT4125"
                    BASELINE="372 510 2676 506" 
                    HPOS="369"
                    VPOS="451"
                    WIDTH="2307"
                    HEIGHT="74">
            <Shape><Polygon POINTS="2665 459 2650 451 2648 451 2646 451 2643 451 2582 464 2505 451 2503 451 2439 464 2388 451 2386 451 2384 451 2313 464 2190 451 2188 451 2186 451 2133 466 1602 466 1565 453 1563 453 1560 453 1558 453 1518 466 1433 453 1430 453 1329 466 1296 453 1294 453 1076 453 1074 453 1072 453 1041 466 1019 453 1017 453 1014 453 860 453 858 453 856 453 816 466 766 453 763 453 761 453 556 466 506 453 504 453 501 453 499 453 455 466 396 453 394 453 391 453 389 453 369 464 372 510 372 525 2676 523 2676 506 2674 497 2665 459"/></Shape>
	    <String CONTENT="de s’asseoir à côté de Saïd. En même temps, mimant son père, elle disait à"
                    HPOS="369"
                    VPOS="451"
                    WIDTH="2307"
                    HEIGHT="74"
                    WC="0.9892247238276918"></String>
          </TextLine>

          
          
          <TextLine ID="eSc_line_d777d67e"
                    TAGREFS="LT4125"
                    BASELINE="372 598 1426 598" 
                    HPOS="372"
                    VPOS="545"
                    WIDTH="1054"
                    HEIGHT="73">
            <Shape><Polygon POINTS="372 598 372 618 1426 618 1426 598 1426 558 636 545 634 545 631 545 629 545 616 556 559 545 556 545 372 556 372 598"/></Shape>
	    <String CONTENT="mi-voix à l’intention de ses sœurs:"
                    HPOS="372"
                    VPOS="545"
                    WIDTH="1054"
                    HEIGHT="73"
                    WC="0.9936225232150819"></String>
          </TextLine>

          
          
          <TextLine ID="eSc_line_7a82eabb"
                    TAGREFS="LT4125"
                    BASELINE="484 715 1996 721" 
                    HPOS="482"
                    VPOS="660"
                    WIDTH="1514"
                    HEIGHT="88">
            <Shape><Polygon POINTS="484 715 482 728 589 743 592 743 898 732 1019 745 1021 745 1146 734 1360 745 1362 745 1364 745 1386 734 1556 734 1591 748 1593 748 1596 748 1994 734 1996 721 1994 682 1895 679 1875 664 1873 664 1871 664 1869 664 1866 664 1820 677 1807 664 1805 664 1802 664 1800 664 1798 664 1745 679 1741 679 1732 679 1574 664 1571 664 1569 664 1518 677 1470 662 1468 662 1466 662 1400 677 1397 677 1338 662 1336 662 1334 662 1331 662 1296 677 1294 679 999 679 997 677 981 662 981 660 979 660 977 660 975 660 854 675 849 677 779 677 779 675 748 660 746 660 744 660 741 660 691 675 686 677 642 677 640 675 623 660 620 660 618 660 616 660 614 660 565 675 561 675 484 675 484 715"/></Shape>
	    <String CONTENT="— CM n’esparnha pas un soù, n’aurà jatnai dos..."
                    HPOS="482"
                    VPOS="660"
                    WIDTH="1514"
                    HEIGHT="88"
                    WC="0.9942350053787231"></String>
          </TextLine>

          
          
          <TextLine ID="eSc_line_91c52c46"
                    TAGREFS="LT4125"
                    BASELINE="479 844 2018 840" 
                    HPOS="477"
                    VPOS="783"
                    WIDTH="1541"
                    HEIGHT="77">
            <Shape><Polygon POINTS="479 844 479 860 2016 855 2018 840 2016 796 2001 783 1998 783 1996 783 1994 783 1992 783 1959 796 1787 783 1785 783 1783 783 1780 783 1765 798 1395 798 1305 783 1303 783 1301 783 1270 798 1153 798 675 785 673 785 671 785 627 798 501 785 499 785 497 785 495 785 477 796 479 844"/></Shape>
	    <String CONTENT="(Qui n’épargne pas un sou n’en aura jamais deux...)"
                    HPOS="477"
                    VPOS="783"
                    WIDTH="1541"
                    HEIGHT="77"
                    WC="0.9908945858478546"></String>
          </TextLine>

          
          
          <TextLine ID="eSc_line_73299790"
                    TAGREFS="LT4125"
                    BASELINE="482 959 2029 959" 
                    HPOS="482"
                    VPOS="904"
                    WIDTH="1547"
                    HEIGHT="75">
            <Shape><Polygon POINTS="482 959 482 979 2029 979 2029 959 2029 917 1974 904 1972 904 1888 904 1886 904 1884 904 1882 904 1866 917 1866 919 1783 919 1780 917 1754 904 1752 904 1750 904 1747 904 1708 917 1706 917 1701 917 1615 904 1613 904 1558 917 1552 919 1450 919 1446 915 1419 904 1417 904 1415 904 1248 915 1204 919 1131 919 1127 915 1113 904 1111 904 1109 904 1107 904 1105 904 1076 915 1067 917 1056 915 1019 904 1017 904 1014 904 1012 904 979 915 973 915 964 915 904 904 902 904 849 913 825 917 768 913 649 904 647 904 605 913 583 917 559 913 521 904 519 904 482 910 482 959"/></Shape>
	    <String CONTENT="Le vieux a entendu et compris le manège de sa fille."
                    HPOS="482"
                    VPOS="904"
                    WIDTH="1547"
                    HEIGHT="75"
                    WC="0.9919408492322238"></String>
          </TextLine>

          
          
          <TextLine ID="eSc_line_166d9d2a"
                    TAGREFS="LT4125"
                    BASELINE="484 1075 1325 1080" 
                    HPOS="482"
                    VPOS="1018"
                    WIDTH="843"
                    HEIGHT="86">
            <Shape><Polygon POINTS="484 1075 482 1086 563 1089 574 1100 574 1102 576 1102 578 1102 581 1102 702 1093 904 1104 906 1104 909 1104 931 1093 957 1104 959 1104 962 1104 1323 1091 1325 1080 1325 1040 1294 1020 1292 1020 1290 1020 1287 1020 1285 1020 1228 1034 1162 1020 1160 1020 1157 1020 1113 1040 1096 1023 1096 1020 1094 1020 1091 1020 1010 1020 1008 1020 1006 1020 931 1040 929 1040 895 1018 893 1018 891 1018 889 1018 887 1018 836 1038 702 1038 647 1038 645 1038 616 1018 614 1018 612 1018 572 1018 570 1018 567 1018 565 1018 565 1020 548 1038 545 1038 484 1038 484 1075"/></Shape>
	    <String CONTENT="— Toi, asseois-toi là, dit-il."
                    HPOS="482"
                    VPOS="1018"
                    WIDTH="843"
                    HEIGHT="86"
                    WC="0.998549803610771"></String>
          </TextLine>

          
          
          <TextLine ID="eSc_line_4c90db78"
                    TAGREFS="LT4125"
                    BASELINE="482 1201 2674 1194" 
                    HPOS="479"
                    VPOS="1139"
                    WIDTH="2195"
                    HEIGHT="79">
            <Shape><Polygon POINTS="482 1201 482 1216 2670 1218 2674 1194 2672 1155 2632 1139 2630 1139 2628 1139 2626 1139 2591 1152 2560 1139 2558 1139 2555 1139 2553 1139 2516 1155 2410 1155 2386 1155 2386 1152 2355 1139 2353 1139 2351 1139 2205 1152 2203 1152 2177 1139 2175 1139 2075 1139 2073 1139 2012 1152 2009 1152 2005 1152 1943 1139 1941 1139 1939 1139 1937 1139 1919 1152 1915 1157 1679 1157 1673 1152 1655 1141 1653 1141 1651 1141 1648 1141 1646 1141 1613 1152 1602 1155 1552 1152 1411 1141 1408 1141 1406 1141 1404 1141 1389 1150 1382 1155 1334 1150 1219 1141 1217 1141 1215 1141 1179 1150 1155 1159 1041 1159 1025 1150 1010 1144 1008 1144 1006 1144 975 1150 944 1157 909 1150 873 1144 871 1144 869 1144 845 1150 816 1157 757 1150 704 1144 702 1144 479 1148 482 1201"/></Shape>
	    <String CONTENT="Il indique la place qui se trouve à sa gauche. Puis il lance à la"
                    HPOS="479"
                    VPOS="1139"
                    WIDTH="2195"
                    HEIGHT="79"
                    WC="0.9975813983091667"></String>
          </TextLine>

          
          
          <TextLine ID="eSc_line_f27b44f0"
                    TAGREFS="LT4125"
                    BASELINE="372 1291 1459 1291" 
                    HPOS="372"
                    VPOS="1238"
                    WIDTH="1087"
                    HEIGHT="79">
            <Shape><Polygon POINTS="372 1258 372 1291 372 1306 812 1306 836 1317 838 1317 840 1317 1459 1304 1459 1291 1459 1251 1404 1238 1402 1238 1320 1251 1094 1251 1069 1238 1067 1238 1065 1238 713 1249 689 1238 686 1238 488 1238 486 1238 376 1249 372 1258"/></Shape>
	    <String CONTENT="cantonnade en appuyant son accent:"
                    HPOS="372"
                    VPOS="1238"
                    WIDTH="1087"
                    HEIGHT="79"
                    WC="0.9949656742460588"></String>
          </TextLine>

          
          
          <TextLine ID="eSc_line_80b86542"
                    TAGREFS="LT4125"
                    BASELINE="482 1405 1818 1410" 
                    HPOS="479"
                    VPOS="1353"
                    WIDTH="1339"
                    HEIGHT="83">
            <Shape><Polygon POINTS="482 1405 479 1419 570 1434 572 1434 1043 1423 1149 1434 1151 1434 1215 1425 1226 1434 1226 1436 1228 1436 1230 1436 1232 1436 1329 1425 1455 1436 1457 1436 1816 1423 1818 1410 1816 1370 1201 1370 1195 1368 1151 1353 1149 1353 1146 1353 1144 1353 1107 1366 1074 1353 1072 1353 1069 1353 1067 1353 1028 1366 951 1353 948 1353 946 1353 911 1366 900 1357 900 1355 898 1355 895 1355 893 1355 772 1366 761 1366 752 1366 653 1353 651 1353 482 1364 482 1405"/></Shape>
	    <String CONTENT="— Mieux vaut être ladre que non pas pauvre."
                    HPOS="479"
                    VPOS="1353"
                    WIDTH="1339"
                    HEIGHT="83"
                    WC="0.9879974289373918"></String>
          </TextLine>

          
          
          <TextLine ID="eSc_line_8ac043f7"
                    TAGREFS="LT4125"
                    BASELINE="482 1531 2674 1524" 
                    HPOS="479"
                    VPOS="1469"
                    WIDTH="2195"
                    HEIGHT="77">
            <Shape><Polygon POINTS="482 1531 482 1546 2672 1544 2674 1524 2670 1485 2608 1469 2606 1469 2604 1469 2549 1485 2540 1487 2384 1487 2379 1482 2357 1469 2355 1469 2353 1469 2351 1469 2348 1469 2313 1482 2307 1487 1939 1487 1908 1482 1844 1471 1842 1471 1840 1471 1798 1482 1776 1489 1620 1489 1607 1482 1587 1471 1585 1471 1582 1471 1580 1471 1549 1482 1532 1487 1512 1480 1474 1471 1472 1471 1470 1471 1375 1480 1316 1487 1290 1480 1254 1471 1252 1471 1250 1471 1177 1480 1144 1485 1120 1480 1085 1474 1083 1474 1080 1474 1065 1480 1050 1487 977 1480 902 1474 900 1474 898 1474 895 1474 887 1480 869 1491 752 1491 726 1480 711 1474 708 1474 706 1474 479 1478 482 1531"/></Shape>
	    <String CONTENT="Mariette va s’asseoir à la gauche de son père sans cesser de regarder"
                    HPOS="479"
                    VPOS="1469"
                    WIDTH="2195"
                    HEIGHT="77"
                    WC="0.9960612310490138"></String>
          </TextLine>

          
          
          <TextLine ID="eSc_line_c24e5aa2"
                    TAGREFS="LT4125"
                    BASELINE="376 1619 2450 1619" 
                    HPOS="376"
                    VPOS="1564"
                    WIDTH="2074"
                    HEIGHT="75">
            <Shape><Polygon POINTS="376 1619 376 1639 2450 1639 2450 1619 2450 1577 2335 1564 2333 1564 2276 1575 2274 1577 2164 1577 2161 1575 2146 1564 2144 1564 2142 1564 2139 1564 2137 1564 2113 1575 2111 1577 1761 1577 1750 1575 1699 1564 1536 1564 1534 1564 1532 1564 1530 1564 1516 1573 1514 1575 1505 1573 1472 1564 1470 1564 1468 1564 1400 1573 1380 1575 1375 1573 1364 1564 1362 1564 1360 1564 1358 1564 1309 1573 1294 1575 1290 1573 1279 1564 1276 1564 1274 1564 1272 1564 1270 1564 1243 1573 1232 1575 376 1570 376 1619"/></Shape>
	    <String CONTENT="Saïd. Celui-ci demeure imperturbable. Mistigri remarque et apprécie."
                    HPOS="376"
                    VPOS="1564"
                    WIDTH="2074"
                    HEIGHT="75"
                    WC="0.9763388199465616"></String>
          </TextLine>

          
          
          <TextLine ID="eSc_line_5c98a74c"
                    TAGREFS="LT4125"
                    BASELINE="482 1738 1411 1742" 
                    HPOS="479"
                    VPOS="1678"
                    WIDTH="932"
                    HEIGHT="86">
            <Shape><Polygon POINTS="482 1738 479 1749 946 1764 948 1764 1408 1753 1411 1742 1408 1705 1345 1705 1345 1702 1323 1683 1323 1680 1320 1680 1318 1680 1274 1680 1272 1680 1270 1680 1268 1680 1268 1683 1246 1702 1186 1680 1184 1680 1135 1680 1133 1680 1131 1680 1129 1680 1129 1683 1107 1702 1107 1705 1054 1705 1052 1702 1032 1683 1032 1680 1030 1680 1028 1680 986 1680 984 1680 981 1680 979 1680 979 1683 964 1696 926 1685 924 1685 922 1685 818 1700 816 1700 779 1685 777 1685 774 1685 772 1685 746 1698 708 1687 706 1687 704 1687 702 1687 684 1696 669 1680 669 1678 667 1678 664 1678 662 1678 660 1678 634 1691 572 1678 570 1678 567 1678 565 1678 565 1680 545 1700 543 1700 482 1700 482 1738"/></Shape>
	    <String CONTENT="— Toi tu te mets là... Toi, là..."
                    HPOS="479"
                    VPOS="1678"
                    WIDTH="932"
                    HEIGHT="86"
                    WC="0.9981446521622794"></String>
          </TextLine>

          
          
          <TextLine ID="eSc_line_f9938c33"
                    TAGREFS="LT4125"
                    BASELINE="482 1859 2674 1859" 
                    HPOS="482"
                    VPOS="1801"
                    WIDTH="2192"
                    HEIGHT="75">
            <Shape><Polygon POINTS="482 1859 482 1876 2674 1876 2674 1859 2674 1817 2604 1801 2602 1801 2599 1801 2553 1815 2459 1801 2456 1801 2342 1815 2337 1815 2333 1815 2276 1801 2274 1801 2271 1801 2232 1815 2230 1815 2190 1801 2188 1801 2186 1801 2183 1801 2142 1815 2137 1817 2038 1817 2036 1815 2007 1801 2005 1801 2003 1801 2001 1801 1961 1815 1957 1815 1952 1815 1915 1801 1913 1801 1910 1801 1816 1812 1798 1815 1666 1815 1664 1812 1646 1801 1644 1801 1642 1801 1640 1801 1637 1801 1604 1812 1596 1817 1375 1817 1369 1812 1351 1801 1349 1801 1347 1801 1345 1801 1342 1801 1309 1812 1296 1815 1276 1812 1219 1801 1142 1801 1140 1801 1138 1801 1135 1801 1120 1810 1111 1817 973 1817 962 1810 944 1801 942 1801 940 1801 937 1801 904 1810 884 1817 785 1817 774 1810 757 1801 755 1801 752 1801 750 1801 724 1810 708 1815 689 1810 658 1801 656 1801 653 1801 482 1808 482 1859"/></Shape>
	    <String CONTENT="Il fait s’asseoir ses filles à sa gauche, tout le long de la table; les"
                    HPOS="482"
                    VPOS="1801"
                    WIDTH="2192"
                    HEIGHT="75"
                    WC="0.9991543483402994"></String>
          </TextLine>

          
          
          <TextLine ID="eSc_line_77601c7c"
                    TAGREFS="LT4125"
                    BASELINE="372 1951 2676 1947" 
                    HPOS="369"
                    VPOS="1892"
                    WIDTH="2307"
                    HEIGHT="77">
            <Shape><Polygon POINTS="372 1951 372 1969 2674 1969 2676 1947 2670 1898 2577 1905 2547 1898 2522 1892 2520 1892 2518 1892 2516 1892 2503 1898 2489 1905 2470 1898 2450 1892 2448 1892 2445 1892 2406 1898 2370 1905 2335 1898 2293 1892 2291 1892 2289 1892 2287 1892 2274 1900 2263 1907 2027 1907 2001 1900 1948 1892 1946 1892 1895 1903 1877 1905 1866 1903 1838 1892 1836 1892 1833 1892 1657 1903 1648 1903 1642 1903 1525 1892 1523 1892 1276 1905 1228 1907 1212 1905 1144 1894 1142 1894 1140 1894 1138 1894 1118 1907 1113 1909 1050 1909 1045 1907 1025 1894 1023 1894 1021 1894 1019 1894 1017 1894 968 1905 790 1894 788 1894 785 1894 750 1905 671 1894 669 1894 667 1894 631 1907 510 1894 508 1894 369 1909 372 1951"/></Shape>
	    <String CONTENT="ouvriers s’installeront en face; quant à Marguerite, elle sera en face de lui, à"
                    HPOS="369"
                    VPOS="1892"
                    WIDTH="2307"
                    HEIGHT="77"
                    WC="0.9874400343836808"></String>
          </TextLine>

          
          
          <TextLine ID="eSc_line_08efec4e"
                    TAGREFS="LT4125"
                    BASELINE="374 2041 2679 2037" 
                    HPOS="372"
                    VPOS="1980"
                    WIDTH="2307"
                    HEIGHT="77">
            <Shape><Polygon POINTS="374 2041 374 2057 2676 2054 2679 2037 2674 1997 2573 1997 2571 1995 2540 1980 2538 1980 2536 1980 2533 1980 2478 1995 2476 1995 2362 1995 2265 1995 2232 1980 2230 1980 2227 1980 2225 1980 2188 1993 2166 1980 2164 1980 2161 1980 2159 1980 2040 1982 2038 1982 2007 1993 2001 1995 1756 1995 1754 1993 1728 1980 1725 1980 1723 1980 1666 1993 1653 1995 1637 1993 1580 1980 1578 1980 1576 1980 1538 1993 1521 1997 1492 1991 1441 1982 1380 1982 1378 1982 1375 1982 1358 1991 1347 1997 1323 1991 1287 1982 1285 1982 1283 1982 1281 1982 1254 1991 1232 1997 1155 1991 1063 1982 1061 1982 1058 1982 1028 1991 1001 1997 973 1991 944 1982 942 1982 940 1982 847 1988 796 1993 748 1988 673 1982 671 1982 638 1988 594 1997 541 1988 501 1982 499 1982 497 1982 482 1988 468 1993 372 1988 374 2041"/></Shape>
	    <String CONTENT="l’autre extrémité du plateau de chêne. On s’arrange, et Mistigri regarde sa"
                    HPOS="372"
                    VPOS="1980"
                    WIDTH="2307"
                    HEIGHT="77"
                    WC="0.9929056228735508"></String>
          </TextLine>

          
          
          <TextLine ID="eSc_line_54e82e6f"
                    TAGREFS="LT4125"
                    BASELINE="372 2127 2676 2127" 
                    HPOS="372"
                    VPOS="2072"
                    WIDTH="2304"
                    HEIGHT="77">
            <Shape><Polygon POINTS="372 2127 372 2149 2676 2149 2676 2127 2676 2083 2639 2072 2637 2072 2635 2072 2632 2072 2593 2083 2117 2072 2115 2072 2007 2083 1952 2072 1950 2072 1948 2072 1946 2072 1926 2085 1712 2085 1668 2072 1666 2072 1664 2072 1607 2083 1563 2072 1560 2072 1558 2072 1441 2083 1389 2072 1386 2072 1301 2083 1257 2072 1254 2072 1252 2072 1197 2083 1135 2072 1133 2072 1076 2083 915 2072 913 2072 911 2072 887 2085 671 2085 605 2072 603 2072 600 2072 552 2083 431 2072 429 2072 372 2083 372 2127"/></Shape>
	    <String CONTENT="tablée d’un air satisfait : l’ordre règne, les hommes d’un côté, les femmes de"
                    HPOS="372"
                    VPOS="2072"
                    WIDTH="2304"
                    HEIGHT="77"
                    WC="0.9893099498458024"></String>
          </TextLine>

          
          
          <TextLine ID="eSc_line_ec380968"
                    TAGREFS="LT4125"
                    BASELINE="376 2215 603 2219" 
                    HPOS="374"
                    VPOS="2162"
                    WIDTH="229"
                    HEIGHT="73">
            <Shape><Polygon POINTS="376 2215 374 2230 598 2235 603 2219 603 2182 376 2162 376 2215"/></Shape>
	    <String CONTENT="l’autre."
                    HPOS="374"
                    VPOS="2162"
                    WIDTH="229"
                    HEIGHT="73"
                    WC="0.9996973872184753"></String>
          </TextLine>

          
          
          <TextLine ID="eSc_line_9d6db020"
                    TAGREFS="LT4125"
                    BASELINE="482 2340 2676 2336" 
                    HPOS="479"
                    VPOS="2279"
                    WIDTH="2197"
                    HEIGHT="79">
            <Shape><Polygon POINTS="482 2340 482 2358 2674 2354 2676 2336 2672 2294 2610 2279 2608 2279 2606 2279 2566 2292 2533 2279 2531 2279 2529 2279 2527 2279 2487 2292 2487 2294 2390 2294 2388 2292 2366 2279 2364 2279 2362 2279 2359 2279 2357 2279 2324 2292 2322 2292 2219 2279 2216 2279 2128 2292 2124 2292 2122 2292 2086 2279 2084 2279 1992 2279 1990 2279 1987 2279 1985 2279 1965 2292 1963 2294 1750 2294 1745 2292 1721 2279 1719 2279 1717 2279 1648 2292 1642 2292 1633 2292 1580 2279 1578 2279 1576 2279 1552 2292 1545 2294 1525 2292 1470 2281 1468 2281 1466 2281 1433 2290 1419 2294 1393 2290 1331 2281 1329 2281 1276 2290 1252 2296 1061 2296 1034 2290 986 2281 984 2281 898 2290 847 2294 821 2290 779 2281 777 2281 733 2290 713 2292 479 2290 482 2340"/></Shape>
	    <String CONTENT="Marguerite se lève pour aller chercher la soupe. Elle laisse à sa droite"
                    HPOS="479"
                    VPOS="2279"
                    WIDTH="2197"
                    HEIGHT="79"
                    WC="0.9940356145033965"></String>
          </TextLine>

          
          
          <TextLine ID="eSc_line_f75c5b50"
                    TAGREFS="LT4125"
                    BASELINE="372 2431 2676 2431" 
                    HPOS="372"
                    VPOS="2371"
                    WIDTH="2304"
                    HEIGHT="82">
            <Shape><Polygon POINTS="372 2446 2674 2453 2676 2431 2676 2387 2617 2371 2615 2371 2613 2371 2454 2389 2384 2389 2351 2371 2348 2371 2346 2371 2263 2387 2003 2371 2001 2371 1998 2371 1970 2387 1622 2387 1571 2371 1569 2371 1567 2371 1457 2387 1397 2371 1395 2371 1393 2371 1391 2371 1360 2389 1305 2389 1261 2371 1259 2371 1257 2371 1254 2371 1201 2384 1089 2371 1087 2371 1085 2371 1032 2387 957 2371 955 2371 953 2371 951 2371 924 2389 869 2389 838 2371 836 2371 748 2371 746 2371 744 2371 702 2389 609 2389 556 2371 554 2371 552 2371 550 2371 510 2389 372 2389 372 2431"/></Shape>
	    <String CONTENT="une place vidé, celle d’Eugène. Sa présence romprait l’harmonie actuelle,"
                    HPOS="372"
                    VPOS="2371"
                    WIDTH="2304"
                    HEIGHT="82"
                    WC="0.9872335454351023"></String>
          </TextLine>

          
          
          <TextLine ID="eSc_line_d71e8ef2"
                    TAGREFS="LT4125"
                    BASELINE="372 2521 2676 2514" 
                    HPOS="369"
                    VPOS="2459"
                    WIDTH="2307"
                    HEIGHT="79">
            <Shape><Polygon POINTS="372 2521 372 2538 2674 2532 2676 2514 2672 2475 2439 2475 2399 2459 2397 2459 2395 2459 2324 2472 2280 2459 2278 2459 2276 2459 2274 2459 2245 2472 1954 2464 1952 2464 1820 2475 1772 2461 1769 2461 1767 2461 1765 2461 1763 2461 1739 2477 1558 2477 1530 2461 1527 2461 1452 2461 1450 2461 1448 2461 1417 2475 1389 2461 1386 2461 1175 2461 1173 2461 1171 2461 1133 2477 1105 2464 1102 2464 1100 2464 1098 2464 1054 2477 948 2464 946 2464 944 2464 942 2464 920 2477 893 2466 891 2466 889 2466 763 2477 728 2464 726 2464 724 2464 662 2475 464 2464 462 2464 369 2479 372 2521"/></Shape>
	    <String CONTENT="mais l’Eugène est absent: il fait la foire avec les autres conscrits. Jeanne se"
                    HPOS="369"
                    VPOS="2459"
                    WIDTH="2307"
                    HEIGHT="79"
                    WC="0.9921527795493603"></String>
          </TextLine>

          
          
          <TextLine ID="eSc_line_f130f06b"
                    TAGREFS="LT4125"
                    BASELINE="372 2611 2681 2604" 
                    HPOS="369"
                    VPOS="2549"
                    WIDTH="2312"
                    HEIGHT="77">
            <Shape><Polygon POINTS="372 2611 372 2626 2679 2624 2681 2604 2679 2563 2637 2549 2635 2549 2632 2549 2630 2549 2602 2563 2595 2567 2494 2567 2487 2563 2452 2549 2450 2549 2448 2549 2445 2549 2421 2563 2414 2567 2362 2567 2351 2563 2289 2549 2287 2549 2285 2549 2258 2563 2256 2565 2245 2565 2177 2554 2175 2554 1946 2565 1930 2565 1926 2565 1851 2552 1849 2552 1847 2552 1805 2565 1800 2567 1798 2565 1772 2552 1769 2552 1767 2552 1646 2565 1593 2552 1591 2552 1589 2552 1516 2567 1510 2567 1505 2567 1415 2552 1413 2552 1338 2567 1305 2552 1303 2552 1179 2552 1177 2552 1175 2552 1138 2569 1135 2569 1113 2569 900 2554 898 2554 895 2554 862 2569 862 2571 711 2571 618 2571 396 2554 394 2554 391 2554 389 2554 369 2565 372 2611"/></Shape>
	    <String CONTENT="dérange, pour aider sa belle-mère. Quand elle revient, elle s’asseoit"
                    HPOS="369"
                    VPOS="2549"
                    WIDTH="2312"
                    HEIGHT="77"
                    WC="0.9928490041007458"></String>
          </TextLine>

          
          
          <TextLine ID="eSc_line_1f265f78"
                    TAGREFS="LT4125"
                    BASELINE="372 2701 2679 2697" 
                    HPOS="369"
                    VPOS="2640"
                    WIDTH="2310"
                    HEIGHT="77">
            <Shape><Polygon POINTS="372 2701 372 2717 2676 2712 2679 2697 2674 2655 2359 2655 2331 2640 2329 2640 2245 2640 2243 2640 2241 2640 2203 2655 2060 2655 2016 2640 2014 2640 2012 2640 2009 2640 2007 2640 1983 2655 1860 2655 1798 2640 1796 2640 1794 2640 1763 2653 1644 2640 1642 2640 1640 2640 1637 2640 1615 2653 1569 2640 1567 2640 1565 2640 1563 2640 1518 2655 1417 2642 1415 2642 1413 2642 1358 2655 1226 2642 1224 2642 1221 2642 1219 2642 1195 2657 1067 2657 1023 2642 1021 2642 1019 2642 1017 2642 1014 2642 990 2657 909 2657 884 2642 882 2642 880 2642 878 2642 686 2653 519 2642 517 2642 369 2657 372 2701"/></Shape>
	    <String CONTENT="immédiatement à sa droite, à la place de l’Eugène, si bien qu’elle se trouve"
                    HPOS="369"
                    VPOS="2640"
                    WIDTH="2310"
                    HEIGHT="77"
                    WC="0.9937699057161808"></String>
          </TextLine>

          
          
          <TextLine ID="eSc_line_46f2301f"
                    TAGREFS="LT4125"
                    BASELINE="372 2789 2683 2789" 
                    HPOS="372"
                    VPOS="2734"
                    WIDTH="2311"
                    HEIGHT="73">
            <Shape><Polygon POINTS="372 2789 372 2807 2683 2807 2683 2789 2683 2745 2505 2734 2503 2734 2432 2745 2421 2745 2417 2745 2384 2734 2381 2734 2379 2734 2282 2745 2269 2745 2263 2745 2223 2734 2221 2734 2219 2734 2216 2734 2197 2745 2192 2747 1976 2747 1972 2745 1941 2734 1939 2734 1937 2734 1935 2734 1915 2745 1910 2747 1734 2747 1728 2745 1677 2734 1675 2734 1591 2745 1585 2745 1576 2745 1496 2734 1494 2734 1263 2745 1250 2745 1246 2745 1175 2734 1173 2734 1171 2734 1146 2745 1140 2745 988 2734 986 2734 884 2745 882 2745 880 2745 829 2734 827 2734 825 2734 803 2745 801 2747 574 2747 574 2745 539 2734 537 2734 534 2734 372 2745 372 2789"/></Shape>
	    <String CONTENT="maintenant en face du Barbeau et qu’une place se trouve vide entre elle et"
                    HPOS="372"
                    VPOS="2734"
                    WIDTH="2311"
                    HEIGHT="73"
                    WC="0.9969347103221996"></String>
          </TextLine>

          
          
          <TextLine ID="eSc_line_b2664531"
                    TAGREFS="LT4125"
                    BASELINE="372 2879 2681 2875" 
                    HPOS="369"
                    VPOS="2822"
                    WIDTH="2312"
                    HEIGHT="77">
            <Shape><Polygon POINTS="372 2879 372 2899 2679 2899 2681 2875 2679 2838 2641 2822 2639 2822 2637 2822 2635 2822 2586 2835 2533 2822 2531 2822 2529 2822 2527 2822 2478 2835 2441 2822 2439 2822 2274 2822 2271 2822 2269 2822 2267 2822 2247 2835 2243 2838 1838 2838 1824 2833 1783 2822 1780 2822 1778 2822 1776 2822 1774 2822 1758 2833 1750 2838 1334 2838 1210 2829 1122 2824 957 2824 955 2824 953 2824 951 2824 944 2829 929 2838 900 2829 887 2824 884 2824 882 2824 825 2829 682 2838 369 2827 372 2879"/></Shape>
	    <String CONTENT="Nane, sa jumelle. Mistigri ne remarque pas la manœuvre : l’habitude du"
                    HPOS="369"
                    VPOS="2822"
                    WIDTH="2312"
                    HEIGHT="77"
                    WC="0.998186867577689"></String>
          </TextLine>

          
          
          <TextLine ID="eSc_line_cb98e7db"
                    TAGREFS="LT4125"
                    BASELINE="372 2972 1373 2967" 
                    HPOS="369"
                    VPOS="2919"
                    WIDTH="1004"
                    HEIGHT="77">
            <Shape><Polygon POINTS="372 2972 372 2996 1371 2983 1373 2967 1369 2928 405 2919 402 2919 400 2919 369 2930 372 2972"/></Shape>
	    <String CONTENT="pouvoir a corrompu sa vigilance."
                    HPOS="369"
                    VPOS="2919"
                    WIDTH="1004"
                    HEIGHT="77"
                    WC="0.9989169053733349"></String>
          </TextLine>

          
          
          <TextLine ID="eSc_line_cca9ae04"
                    TAGREFS="LT4125"
                    BASELINE="477 3091 2683 3086" 
                    HPOS="475"
                    VPOS="3029"
                    WIDTH="2208"
                    HEIGHT="79">
            <Shape><Polygon POINTS="477 3091 477 3108 2681 3104 2683 3086 2681 3044 2648 3029 2646 3029 2643 3029 2571 3044 2399 3044 2370 3029 2368 3029 2366 3029 2364 3029 2324 3042 2274 3029 2271 3029 2269 3029 2267 3029 2230 3044 2097 3044 2073 3029 2071 3029 2069 3029 2067 3029 1932 3042 1864 3031 1862 3031 1787 3042 1736 3029 1734 3029 1732 3029 1607 3042 1552 3031 1549 3031 1547 3031 1545 3031 1521 3047 1395 3047 1367 3031 1364 3031 1362 3031 1360 3031 1309 3044 1219 3033 1217 3033 1215 3033 1182 3042 1138 3031 1135 3031 1133 3031 1131 3031 1102 3047 988 3047 933 3031 931 3031 929 3031 717 3044 695 3031 693 3031 691 3031 609 3031 607 3031 605 3031 603 3031 583 3044 504 3031 501 3031 499 3031 497 3031 475 3042 477 3091"/></Shape>
	    <String CONTENT="On fait passer les assiettes. Jeanne les présente et Marguerite les remplit"
                    HPOS="475"
                    VPOS="3029"
                    WIDTH="2208"
                    HEIGHT="79"
                    WC="0.9966305729589964"></String>
          </TextLine>

          
          
          <TextLine ID="eSc_line_a2036ab2"
                    TAGREFS="LT4125"
                    BASELINE="372 3181 2679 3174" 
                    HPOS="369"
                    VPOS="3121"
                    WIDTH="2310"
                    HEIGHT="86">
            <Shape><Polygon POINTS="372 3181 372 3196 1135 3207 1138 3207 1190 3196 2654 3203 2657 3203 2659 3203 2661 3203 2679 3192 2679 3174 2674 3135 2476 3121 2474 3121 2384 3132 2346 3121 2344 3121 2342 3121 2340 3121 2304 3132 2258 3121 2256 3121 2254 3121 2177 3132 2097 3121 2095 3121 2016 3132 1930 3121 1928 3121 1926 3121 1873 3135 1173 3124 1171 3124 1168 3124 1111 3137 807 3126 805 3126 369 3139 372 3181"/></Shape>
	    <String CONTENT="avec une grande louche qu’elle plonge dans la soupière. Quand vient le tour"
                    HPOS="369"
                    VPOS="3121"
                    WIDTH="2310"
                    HEIGHT="86"
                    WC="0.9896767735481262"></String>
          </TextLine>

          
          
          <TextLine ID="eSc_line_0b26e466"
                    TAGREFS="LT4125"
                    BASELINE="372 3271 2676 3264" 
                    HPOS="369"
                    VPOS="3209"
                    WIDTH="2307"
                    HEIGHT="77">
            <Shape><Polygon POINTS="372 3271 372 3286 2674 3282 2676 3264 2674 3225 2632 3209 2630 3209 2628 3209 2626 3209 2595 3223 2403 3209 2401 3209 2399 3209 2397 3209 2373 3225 2223 3225 2159 3209 2157 3209 2155 3209 2126 3225 1985 3225 1937 3209 1935 3209 1932 3209 1849 3227 1734 3227 1710 3212 1708 3212 1706 3212 1703 3212 1701 3212 1668 3225 1452 3212 1450 3212 1303 3225 1140 3212 1138 3212 1135 3212 1091 3227 396 3214 394 3214 391 3214 389 3214 369 3225 372 3271"/></Shape>
	    <String CONTENT="du Barbeau, il y a une légère confusion. Assis à la gauche immédiate de"
                    HPOS="369"
                    VPOS="3209"
                    WIDTH="2307"
                    HEIGHT="77"
                    WC="0.9923187327384949"></String>
          </TextLine>

          
          
          <TextLine ID="eSc_line_373f4977"
                    TAGREFS="LT4125"
                    BASELINE="374 3359 2676 3359" 
                    HPOS="374"
                    VPOS="3306"
                    WIDTH="2302"
                    HEIGHT="73">
            <Shape><Polygon POINTS="374 3359 374 3379 2676 3379 2676 3359 2676 3317 374 3306 374 3359"/></Shape>
	    <String CONTENT="Marguerite, il est suffisamment près pour tendre lui-même son assiette, mais"
                    HPOS="374"
                    VPOS="3306"
                    WIDTH="2302"
                    HEIGHT="73"
                    WC="0.9922829896975787"></String>
          </TextLine>

          
          
          <TextLine ID="eSc_line_3a91ba3d"
                    TAGREFS="LT4125"
                    BASELINE="372 3449 2674 3449" 
                    HPOS="372"
                    VPOS="3392"
                    WIDTH="2302"
                    HEIGHT="86">
            <Shape><Polygon POINTS="372 3449 372 3469 2672 3478 2674 3449 2674 3405 2632 3392 2630 3392 2628 3392 2626 3392 2577 3405 2555 3392 2553 3392 2551 3392 2549 3392 2547 3392 2500 3403 2452 3392 2450 3392 2448 3392 2445 3392 2417 3405 2412 3405 2300 3394 2298 3394 2296 3394 2263 3405 2260 3407 2009 3407 2005 3403 1976 3392 1974 3392 1972 3392 1970 3392 1930 3403 1924 3407 1794 3407 1789 3403 1765 3392 1763 3392 1761 3392 1703 3403 1688 3407 1532 3407 1523 3403 1512 3394 1510 3394 1507 3394 1505 3394 1503 3394 1474 3403 1461 3405 1452 3401 1433 3392 1430 3392 1428 3392 1378 3401 1358 3405 1336 3401 1298 3394 1296 3394 1259 3401 1235 3405 1221 3401 1195 3392 1193 3392 1190 3392 1188 3392 1162 3401 1146 3405 1127 3401 1094 3392 1091 3392 1089 3392 1039 3401 1006 3407 856 3407 843 3399 832 3392 829 3392 827 3392 739 3392 737 3392 735 3392 733 3392 722 3399 708 3407 605 3407 589 3399 576 3392 574 3392 572 3392 570 3392 550 3399 526 3405 499 3399 477 3392 475 3392 473 3392 372 3396 372 3449"/></Shape>
	    <String CONTENT="il la donne à Jeanne. Ne s’y attendant pas, elle rougit, a un geste maladroit,"
                    HPOS="372"
                    VPOS="3392"
                    WIDTH="2302"
                    HEIGHT="86"
                    WC="0.9956162307835832"></String>
          </TextLine>

          
        </TextBlock>
        

        
      </PrintSpace>
    </Page>
  </Layout>
</alto>
