3060 3960
484 365 2113 83 -E! vautres! vos velharetz garda de tirar per aqui, que i a quauqu’un!

475 479 2039 93 (Hé, vous autres! Faites gaffe de pas tirer par ici, il y a quelqu’un !)

482 598 499 79 Et il se désigne.

479 723 2197 75 En réponse, il y a d’abord un grand silence: l’Eugène a pourtant braillé

372 814 2307 70 de toute la force de ses poumons de colosse et on a bien été forcé de

369 902 2310 74 l’entendre, mais il n’y a pas non plus grand-chose à attendre de drôle de la

369 990 2307 90 part de l’Eugène. Fernand laisse le silence durer juste ce qu’il faut, puis il

369 1082 2312 75 daigne sourire. Alors seulement quelques rires fusent. L’Eugène qui ne s’est

369 1170 2310 79 rendu compte de rien leur fait écho. Bientôt, il est seul à rire. Il s’en rend

372 1267 2304 70 compte, s’arrête, remarque quelques sourires moqueurs. C’est dur à avaler.

372 1350 2304 77 Le Fernand lui a fait une politesse- c’est bien normal, puisqu’il fréquente la

372 1443 1851 86 Jeanne- mais il n’a pas voulu pour autant perdre son prestige.

484 1564 2197 72 Eugène descend de son perchoir, vaguement humilié. Il n’en veut pas au

374 1652 2302 75 Fernand; il sait qu’il est bête, qu’il y a des situations où il ne doit pas se

372 1744 1501 73 mettre; il n’a des reproches à faire qu’à lui-même.

479 1861 2202 77 Deux conscrits qui s’empoignent pour une bonne et amicale frottée font

372 1953 2300 75 diversion, et Fernand prend Eugène par l’épaule pour l’entraîner au café.

369 2041 2277 77 Fernand est un fier-à-bras malin. Il craint que sa vanité ne lui joue des tours.

479 2162 2197 75 Quand les deux compères ressortent quelques instants plus tard, ils

376 2255 2303 72 vacillent un peu, mais Fernand ne craint plus que l’Eugène vienne se mettre

369 2343 2312 96 en travers de ses projets matrimoniaux. Déjà quelques appelés tournent

372 2433 2304 75 autour de la 402, jetant à Ramos des quolibets. Fernand et Eugène s’avancent.

372 2527 2304 71 Ils se consultent un bref instant du regard puis se mettent à carrément secouer

372 2611 1924 77 la voiture. Ensuite ils attendent, reculant un peu pour mieux voir.

479 2734 2197 73 Ramos installe délicatement sa chatte noire sur la banquette arrière. Il

369 2820 2312 77 revisse lentement le goulot du flacon qu’il tient à la main et le dépose au

369 2912 2312 75 milieu d’un amas de vêtements. Incertain sur ses jambes, le gros Fernand fait

369 3003 2310 74 un pas en avant. Il voit Ramos descendre du véhicule avec quelque chose à

372 3091 2300 79 la main. A côté de lui, il sent que l’Eugène recule et que les autres s’écartent.

372 3183 1976 75 Il oscille, fait encore un pas en avant, manque buter contre Ramos.

479 3300 2202 81 Quelques gestes vifs et précis de Ramos, et le gros garçon recule à son

369 3392 2307 84 tour, stupéfait et apeuré: l’étranger vient de lui balafrer l’estomac avec la

369 3484 998 82 pointe de la lame de son couteau.
