<?xml version="1.0" encoding="UTF-8"?>
<alto xmlns:xsi="http://www.w3.org/2001/XMLSchema-instance"
      xmlns="http://www.loc.gov/standards/alto/ns-v4#"
      xsi:schemaLocation="http://www.loc.gov/standards/alto/ns-v4# http://www.loc.gov/standards/alto/v4/alto-4-2.xsd">
  <Description>
    <MeasurementUnit>pixel</MeasurementUnit>
    <sourceImageInformation>
      <fileName>page_00017.png</fileName>
      
    </sourceImageInformation>
  </Description>
  
  <Tags>
    <OtherTag ID="BT10547" LABEL="MainZone" DESCRIPTION="block type MainZone"/><OtherTag ID="BT10548" LABEL="NumberingZone" DESCRIPTION="block type NumberingZone"/><OtherTag ID="BT10549" LABEL="RunningTitleZone" DESCRIPTION="block type RunningTitleZone"/><OtherTag ID="BT10550" LABEL="TitlePageZone" DESCRIPTION="block type TitlePageZone"/><OtherTag ID="BT10551" LABEL="MarginTextZone" DESCRIPTION="block type MarginTextZone"/><OtherTag ID="BT10552" LABEL="QuireMarksZone" DESCRIPTION="block type QuireMarksZone"/>
    <OtherTag ID="LT4125" LABEL="DefaultLine" DESCRIPTION="line type DefaultLine"/><OtherTag ID="LT4126" LABEL="HeadingLine" DESCRIPTION="line type HeadingLine"/><OtherTag ID="LT4127" LABEL="default" DESCRIPTION="line type default"/>
  </Tags>
  
  <Layout>
    <Page WIDTH="3060"
          HEIGHT="3960"
          PHYSICAL_IMG_NR="13"
          ID="eSc_dummypage_">
      <PrintSpace HPOS="0"
                  VPOS="0"
                  WIDTH="3060"
                  HEIGHT="3960">
        
        <TextBlock HPOS="349.9588928222656"
                   VPOS="333.5913391113281"
                   WIDTH="2351.0623474121094"
                   HEIGHT="3277.479705810547"
                   ID="block_0"
                   TAGREFS="BT10547">
          <Shape><Polygon POINTS="349.959 333.591 2701.02 333.591 2701.02 3611.07 349.959 3611.07 349.959 333.591"/></Shape>
          
          
          <TextLine ID="eSc_line_8c2e7458"
                    TAGREFS="LT4125"
                    BASELINE="372 422 2679 415" 
                    HPOS="369"
                    VPOS="365"
                    WIDTH="2310"
                    HEIGHT="77">
            <Shape><Polygon POINTS="2659 376 2637 376 2615 376 2593 376 2571 376 2549 376 2527 376 2505 376 2483 376 2461 376 2439 376 2417 376 2395 374 2373 374 2351 374 2329 374 2322 374 2307 374 2285 374 2263 374 2241 374 2219 374 2197 374 2175 374 2172 374 2170 376 1946 376 1935 371 1932 371 1910 371 1888 371 1877 371 1869 376 1860 371 1844 371 1822 369 1800 369 1778 369 1756 369 1734 369 1712 369 1697 369 1558 376 1292 367 1272 367 1261 365 1226 365 1206 365 1184 365 1162 365 1149 365 1131 378 1129 378 1116 378 400 365 391 369 369 391 372 422 372 437 2674 442 2679 415 2674 376 2659 376"/></Shape>
	    <String CONTENT="tempes brûlantes et une lueur bizarre au fond des yeux. Elle dévale en"
                    HPOS="369"
                    VPOS="365"
                    WIDTH="2310"
                    HEIGHT="77"
                    WC="0.9936000257730484"></String>
          </TextLine>

          
          
          <TextLine ID="eSc_line_e0f97836"
                    TAGREFS="LT4125"
                    BASELINE="369 510 2676 510" 
                    HPOS="369"
                    VPOS="455"
                    WIDTH="2307"
                    HEIGHT="79">
            <Shape><Polygon POINTS="369 510 369 523 2674 534 2676 510 2676 470 2599 455 2597 455 2472 468 2395 455 2392 455 2313 468 2296 457 2293 457 2291 457 2289 457 2212 466 2113 455 2111 455 2108 455 2062 468 1679 468 1411 455 1408 455 1329 468 1307 455 1305 455 1303 455 1301 455 1212 466 1072 455 1069 455 1001 468 906 455 904 455 843 470 620 470 596 455 594 455 592 455 589 455 369 468 369 510"/></Shape>
	    <String CONTENT="courant une coulée d’éboulis. Quelques pierres continuent de rouler,"
                    HPOS="369"
                    VPOS="455"
                    WIDTH="2307"
                    HEIGHT="79"
                    WC="0.9914969401700157"></String>
          </TextLine>

          
          
          <TextLine ID="eSc_line_77170238"
                    TAGREFS="LT4125"
                    BASELINE="369 600 2676 594" 
                    HPOS="367"
                    VPOS="539"
                    WIDTH="2309"
                    HEIGHT="79">
            <Shape><Polygon POINTS="369 600 369 618 2674 613 2676 594 2672 554 2500 554 2463 539 2461 539 2459 539 2456 539 2454 539 2430 554 2331 554 2287 539 2285 539 2282 539 2280 539 2247 552 2205 539 2203 539 2201 539 2199 539 2150 552 2106 539 2104 539 1961 539 1959 539 1957 539 1954 539 1932 552 1862 541 1860 541 1732 554 1684 541 1681 541 1679 541 1677 541 1675 541 1651 556 1585 556 1541 541 1538 541 1536 541 1534 541 1532 541 1510 554 1397 543 1395 543 1239 554 1171 541 1168 541 1078 556 1021 543 1019 543 1017 543 1014 543 964 556 900 545 898 545 774 556 752 545 750 545 748 545 642 554 563 543 561 543 559 543 515 554 435 543 433 543 367 558 369 600"/></Shape>
	    <String CONTENT="rebondissent contre la roche, sautent dans le ravin. L’écho de leur chute se"
                    HPOS="367"
                    VPOS="539"
                    WIDTH="2309"
                    HEIGHT="79"
                    WC="0.9938417882114262"></String>
          </TextLine>

          
          
          <TextLine ID="eSc_line_e0c5e61d"
                    TAGREFS="LT4125"
                    BASELINE="369 693 2676 688" 
                    HPOS="367"
                    VPOS="631"
                    WIDTH="2309"
                    HEIGHT="90">
            <Shape><Polygon POINTS="369 693 369 706 466 719 468 719 532 706 541 706 929 706 933 706 953 719 955 719 957 719 959 721 1102 721 1102 719 1105 719 1151 706 1155 706 1290 706 1305 706 1477 719 1479 719 1481 719 1483 719 1505 706 1518 706 1681 717 1684 719 1772 719 1772 717 1774 717 1776 717 1794 706 1800 704 2186 704 2192 706 2210 715 2212 715 2214 715 2353 706 2384 704 2388 706 2410 717 2412 717 2414 717 2674 704 2676 688 2672 646 2516 631 2514 631 2511 631 2483 646 2381 646 2333 631 2331 631 2329 631 2326 631 2293 644 2216 631 2214 631 2212 631 2179 644 2115 631 2113 631 2053 644 1998 631 1996 631 1994 631 1888 644 1840 631 1838 631 1836 631 1833 631 1780 644 1734 631 1732 631 1730 631 1648 644 1538 631 1536 631 1534 631 1532 631 1510 646 1400 633 1397 633 1298 646 1186 633 1184 633 1182 633 1153 649 926 649 869 633 867 633 865 633 862 633 836 646 713 633 711 633 708 633 662 646 618 633 616 633 614 633 482 646 411 633 409 633 407 633 367 646 369 693"/></Shape>
	    <String CONTENT="répercute dans la gorge. Le milan, dérangé, s’envole. Il décrit quelques"
                    HPOS="367"
                    VPOS="631"
                    WIDTH="2309"
                    HEIGHT="90"
                    WC="0.9895692875510768"></String>
          </TextLine>

          
          
          <TextLine ID="eSc_line_e3b550da"
                    TAGREFS="LT4125"
                    BASELINE="372 781 2042 781" 
                    HPOS="372"
                    VPOS="726"
                    WIDTH="1670"
                    HEIGHT="81">
            <Shape><Polygon POINTS="372 781 372 794 1270 807 1272 807 2042 794 2042 781 2042 739 1985 726 1983 726 1981 726 1849 741 1772 741 1754 726 1752 726 1750 726 1747 726 1668 737 1525 726 1523 726 1444 739 1386 726 1384 726 1382 726 1279 739 1144 726 1142 726 1074 739 986 726 984 726 981 726 953 739 772 726 770 726 768 726 766 726 748 741 598 741 504 726 501 726 372 739 372 781"/></Shape>
	    <String CONTENT="cercles au- dessus des arbres, puis retourne à sa proie."
                    HPOS="372"
                    VPOS="726"
                    WIDTH="1670"
                    HEIGHT="81"
                    WC="0.981413509762078"></String>
          </TextLine>

          
          
          <TextLine ID="eSc_line_624ccefa"
                    TAGREFS="LT4125"
                    BASELINE="484 899 2676 895" 
                    HPOS="482"
                    VPOS="840"
                    WIDTH="2194"
                    HEIGHT="75">
            <Shape><Polygon POINTS="484 899 484 913 2672 915 2676 895 2674 860 2635 840 2632 840 2630 840 2628 840 2569 858 2355 844 2353 844 2287 858 2280 860 2082 860 2067 855 1985 840 1939 840 1937 840 1935 840 1932 840 1908 855 1904 858 1864 855 1717 840 1714 840 1712 840 1668 853 1653 858 1635 853 1593 840 1591 840 1589 840 1587 840 1585 840 1567 853 1565 855 1457 862 1406 862 1391 851 1378 842 1375 842 1373 842 1371 842 1369 842 1340 851 1312 860 1237 851 1168 842 1166 842 1102 849 1017 862 968 862 946 849 933 842 931 842 929 842 814 847 700 853 669 847 645 842 642 842 640 842 638 842 631 847 609 860 482 847 484 899"/></Shape>
	    <String CONTENT="La demoiselle continue de courir. Elle glisse, se rattrape. Sa"
                    HPOS="482"
                    VPOS="840"
                    WIDTH="2194"
                    HEIGHT="75"
                    WC="0.9945501098709721"></String>
          </TextLine>

          
          
          <TextLine ID="eSc_line_ef0c62de"
                    TAGREFS="LT4125"
                    BASELINE="369 994 2679 987" 
                    HPOS="367"
                    VPOS="930"
                    WIDTH="2312"
                    HEIGHT="88">
            <Shape><Polygon POINTS="369 994 369 1018 444 1007 2674 1009 2679 987 2674 946 2487 946 2448 930 2445 930 2443 930 2441 930 2412 946 2036 946 2007 930 2005 930 1913 930 1910 930 1908 930 1906 930 1882 946 1659 932 1657 932 1585 946 1501 932 1499 932 1496 932 1472 946 1254 946 1140 932 1138 932 1135 932 1102 948 1043 935 1041 935 873 946 801 935 799 935 796 935 763 948 697 935 451 935 449 935 367 950 369 994"/></Shape>
	    <String CONTENT="précipitation l’emmêle dans ses voiles blancs. Elle se trouve dans un"
                    HPOS="367"
                    VPOS="930"
                    WIDTH="2312"
                    HEIGHT="88"
                    WC="0.9960122444260289"></String>
          </TextLine>

          
          
          <TextLine ID="eSc_line_6a5513cc"
                    TAGREFS="LT4125"
                    BASELINE="369 1082 2676 1075" 
                    HPOS="367"
                    VPOS="1020"
                    WIDTH="2309"
                    HEIGHT="77">
            <Shape><Polygon POINTS="369 1082 369 1097 2674 1093 2676 1075 2672 1034 2454 1020 2452 1020 2450 1020 2425 1034 2289 1034 2227 1020 2225 1020 2223 1020 2199 1034 2047 1034 2003 1020 2001 1020 1998 1020 1904 1034 1886 1023 1884 1023 1882 1023 1880 1023 1444 1034 1400 1023 1397 1023 1395 1023 1261 1034 1208 1023 1206 1023 1124 1036 1069 1025 1067 1025 578 1036 451 1025 449 1025 367 1038 369 1082"/></Shape>
	    <String CONTENT="enfoncement entouré de sorbiers à grives. Là débouche un chemin de terre"
                    HPOS="367"
                    VPOS="1020"
                    WIDTH="2309"
                    HEIGHT="77"
                    WC="0.9910226487799695"></String>
          </TextLine>

          
          
          <TextLine ID="eSc_line_b5cb4e9a"
                    TAGREFS="LT4125"
                    BASELINE="372 1170 2679 1166" 
                    HPOS="369"
                    VPOS="1113"
                    WIDTH="2310"
                    HEIGHT="81">
            <Shape><Polygon POINTS="372 1170 372 1185 2511 1194 2514 1194 2679 1181 2679 1166 2676 1126 2643 1113 2641 1113 2639 1113 2507 1124 2425 1113 2423 1113 2421 1113 2397 1126 1518 1126 1494 1115 1492 1115 1490 1115 1036 1126 871 1115 869 1115 867 1115 821 1126 722 1115 719 1115 638 1126 541 1115 539 1115 369 1128 372 1170"/></Shape>
	    <String CONTENT="creusé par les charrois qui râpent les grosses racines sous son rebord de"
                    HPOS="369"
                    VPOS="1113"
                    WIDTH="2310"
                    HEIGHT="81"
                    WC="0.9917994062105815"></String>
          </TextLine>

          
          
          <TextLine ID="eSc_line_64ccdb83"
                    TAGREFS="LT4125"
                    BASELINE="372 1258 2676 1258" 
                    HPOS="372"
                    VPOS="1205"
                    WIDTH="2304"
                    HEIGHT="73">
            <Shape><Polygon POINTS="372 1258 372 1278 2676 1278 2676 1258 2676 1218 2610 1205 2608 1205 2553 1216 2456 1205 2454 1205 2401 1216 2296 1205 2293 1205 2049 1216 1937 1205 1935 1205 1932 1205 1906 1216 1796 1205 1794 1205 1791 1205 1752 1216 1692 1205 1690 1205 1688 1205 1664 1218 1380 1218 1290 1205 1287 1205 1285 1205 1243 1218 992 1218 909 1205 906 1205 904 1205 876 1216 821 1205 818 1205 741 1216 662 1205 660 1205 658 1205 656 1205 636 1218 372 1218 372 1258"/></Shape>
	    <String CONTENT="mousse. Quand elle se remet à courir, cela fait tout un piaulis dans les"
                    HPOS="372"
                    VPOS="1205"
                    WIDTH="2304"
                    HEIGHT="73"
                    WC="0.9868092953342281"></String>
          </TextLine>

          
          
          <TextLine ID="eSc_line_ae5c9278"
                    TAGREFS="LT4125"
                    BASELINE="376 1346 667 1350" 
                    HPOS="374"
                    VPOS="1291"
                    WIDTH="293"
                    HEIGHT="75">
            <Shape><Polygon POINTS="376 1346 374 1361 662 1366 667 1350 664 1313 521 1291 519 1291 376 1306 376 1346"/></Shape>
	    <String CONTENT="sorbiers."
                    HPOS="374"
                    VPOS="1291"
                    WIDTH="293"
                    HEIGHT="75"
                    WC="0.999873419602712"></String>
          </TextLine>

          
          
          <TextLine ID="eSc_line_9108e816"
                    TAGREFS="LT4125"
                    BASELINE="482 1469 2676 1469" 
                    HPOS="482"
                    VPOS="1414"
                    WIDTH="2194"
                    HEIGHT="73">
            <Shape><Polygon POINTS="482 1469 482 1487 2676 1487 2676 1469 2674 1414 482 1416 482 1469"/></Shape>
	    <String CONTENT="Dix mètres derrière elle, ce grand traîne-diable de braconnier, son fusil"
                    HPOS="482"
                    VPOS="1414"
                    WIDTH="2194"
                    HEIGHT="73"
                    WC="0.9945108545453925"></String>
          </TextLine>

          
          
          <TextLine ID="eSc_line_7fed49c2"
                    TAGREFS="LT4125"
                    BASELINE="372 1557 2674 1557" 
                    HPOS="372"
                    VPOS="1518"
                    WIDTH="2302"
                    HEIGHT="61">
            <Shape><Polygon POINTS="372 1557 372 1579 2674 1579 2674 1557 2674 1518 372 1518 372 1557"/></Shape>
	    <String CONTENT="en balancier, la pourchasse avec un sourire qui découvre ses dents pourries."
                    HPOS="372"
                    VPOS="1518"
                    WIDTH="2302"
                    HEIGHT="61"
                    WC="0.993346749188064"></String>
          </TextLine>

          
          
          <TextLine ID="eSc_line_83658183"
                    TAGREFS="LT4125"
                    BASELINE="374 1652 2676 1647" 
                    HPOS="372"
                    VPOS="1590"
                    WIDTH="2304"
                    HEIGHT="77">
            <Shape><Polygon POINTS="374 1652 374 1667 2674 1665 2676 1647 2674 1606 2632 1590 2630 1590 2628 1590 2626 1590 2586 1603 2485 1590 2483 1590 2481 1590 2432 1603 2430 1603 2379 1590 2377 1590 2375 1590 2289 1603 2282 1606 2111 1606 2106 1603 2086 1590 2084 1590 2082 1590 2080 1590 1946 1601 1921 1603 1910 1601 1851 1590 1849 1590 1847 1590 1807 1601 1798 1603 1794 1601 1776 1590 1774 1590 1772 1590 1642 1590 1640 1590 1558 1601 1512 1608 1404 1608 1391 1599 1380 1592 1378 1592 1375 1592 1373 1592 1307 1599 1250 1606 372 1597 374 1652"/></Shape>
	    <String CONTENT="Il se donne tout son temps, et il croit qu’il l’a. La chaleur semble figer la"
                    HPOS="372"
                    VPOS="1590"
                    WIDTH="2304"
                    HEIGHT="77"
                    WC="0.994275867164909"></String>
          </TextLine>

          
          
          <TextLine ID="eSc_line_f14f681c"
                    TAGREFS="LT4125"
                    BASELINE="372 1742 2676 1738" 
                    HPOS="369"
                    VPOS="1683"
                    WIDTH="2307"
                    HEIGHT="85">
            <Shape><Polygon POINTS="372 1742 372 1768 455 1757 1140 1764 1397 1766 1400 1766 1450 1762 1534 1755 2674 1755 2676 1738 2672 1696 2073 1683 2071 1683 2069 1683 2067 1683 2047 1696 1924 1696 1862 1683 1860 1683 1675 1694 1563 1683 1560 1683 1499 1696 818 1685 816 1685 814 1685 785 1696 686 1685 684 1685 682 1685 653 1696 616 1685 614 1685 612 1685 369 1698 372 1742"/></Shape>
	    <String CONTENT="poursuite. De temps en temps la jeune fille se retourne. Elle a sur le visage"
                    HPOS="369"
                    VPOS="1683"
                    WIDTH="2307"
                    HEIGHT="85"
                    WC="0.9922256686470725"></String>
          </TextLine>

          
          
          <TextLine ID="eSc_line_48510dd4"
                    TAGREFS="LT4125"
                    BASELINE="374 1830 2670 1826" 
                    HPOS="372"
                    VPOS="1775"
                    WIDTH="2298"
                    HEIGHT="75">
            <Shape><Polygon POINTS="374 1830 374 1850 2668 1848 2670 1826 2665 1786 1701 1775 1699 1775 372 1788 374 1830"/></Shape>
	    <String CONTENT="une expression étrangère, comme un sourire. Elle aussi, elle a tout son temps."
                    HPOS="372"
                    VPOS="1775"
                    WIDTH="2298"
                    HEIGHT="75"
                    WC="0.9938163056969642"></String>
          </TextLine>

          
          
          <TextLine ID="eSc_line_fafb4a32"
                    TAGREFS="LT4125"
                    BASELINE="484 1949 2676 1944" 
                    HPOS="482"
                    VPOS="1900"
                    WIDTH="2194"
                    HEIGHT="69">
            <Shape><Polygon POINTS="484 1949 484 1969 2674 1969 2676 1944 2672 1900 482 1900 484 1949"/></Shape>
	    <String CONTENT="Brusquement, elle fait un écart, quitte le chemin, déboule un goulet où"
                    HPOS="482"
                    VPOS="1900"
                    WIDTH="2194"
                    HEIGHT="69"
                    WC="0.9934291759052792"></String>
          </TextLine>

          
          
          <TextLine ID="eSc_line_4f3f7c43"
                    TAGREFS="LT4125"
                    BASELINE="374 2039 2674 2035" 
                    HPOS="372"
                    VPOS="1982"
                    WIDTH="2302"
                    HEIGHT="75">
            <Shape><Polygon POINTS="374 2039 374 2057 2672 2057 2674 2035 2670 1997 2555 1997 2516 1982 2514 1982 2511 1982 2509 1982 2507 1982 2485 1995 2432 1984 2430 1984 2428 1984 2386 1997 1992 1997 1915 1982 1913 1982 1750 1995 1695 1982 1692 1982 1690 1982 1688 1982 1644 1995 1525 1982 1523 1982 1521 1982 1483 1997 1382 1984 1380 1984 1303 1997 1215 1984 1212 1984 1096 1997 977 1984 975 1984 849 1997 788 1984 785 1984 493 1995 405 1984 402 1984 400 1984 372 1997 374 2039"/></Shape>
	    <String CONTENT="s’esquivent des vipères. Une odeur forte de menthe sauvage monte à ses"
                    HPOS="372"
                    VPOS="1982"
                    WIDTH="2302"
                    HEIGHT="75"
                    WC="0.9857301546467675"></String>
          </TextLine>

          
          
          <TextLine ID="eSc_line_b5e1b3e4"
                    TAGREFS="LT4125"
                    BASELINE="372 2129 2674 2125" 
                    HPOS="369"
                    VPOS="2070"
                    WIDTH="2305"
                    HEIGHT="79">
            <Shape><Polygon POINTS="372 2129 372 2149 2672 2149 2674 2125 2672 2083 2646 2070 2643 2070 2641 2070 2573 2081 2445 2070 2443 2070 2322 2081 2285 2070 2282 2070 2280 2070 2278 2070 2249 2081 2216 2070 2214 2070 2212 2070 2003 2081 1937 2070 1935 2070 1932 2070 1891 2081 1816 2070 1813 2070 1703 2081 1659 2070 1657 2070 1655 2070 1512 2083 1479 2072 1477 2072 1474 2072 1472 2072 1433 2083 1351 2072 1349 2072 1347 2072 1307 2083 1190 2072 1188 2072 1069 2083 924 2072 922 2072 858 2083 785 2072 783 2072 781 2072 755 2083 629 2072 627 2072 625 2072 623 2072 603 2085 369 2085 372 2129"/></Shape>
	    <String CONTENT="narines. Elle franchit la rivière à gué sous la voûte d’un pont à demi écroulé."
                    HPOS="369"
                    VPOS="2070"
                    WIDTH="2305"
                    HEIGHT="79"
                    WC="0.9844303519226784"></String>
          </TextLine>

          
          
          <TextLine ID="eSc_line_167ff4a3"
                    TAGREFS="LT4125"
                    BASELINE="374 2219 2679 2215" 
                    HPOS="372"
                    VPOS="2160"
                    WIDTH="2307"
                    HEIGHT="79">
            <Shape><Polygon POINTS="374 2219 374 2237 2674 2239 2679 2215 2674 2175 2599 2160 2597 2160 2595 2160 2542 2173 2542 2175 2287 2175 2285 2173 2258 2160 2256 2160 2254 2160 2252 2160 2216 2173 2212 2173 2183 2173 1987 2162 1985 2162 1983 2162 1957 2171 1952 2173 1948 2171 1924 2160 1921 2160 1831 2160 1829 2160 1827 2160 1805 2171 1800 2173 1798 2171 1774 2160 1772 2160 1769 2160 1697 2171 1677 2173 1668 2171 1640 2160 1637 2160 1635 2160 1582 2171 1565 2173 1545 2171 1503 2162 1501 2162 1499 2162 1479 2169 1466 2175 1455 2169 1444 2162 1441 2162 1439 2162 1437 2162 1435 2162 1406 2169 1382 2175 1340 2169 1290 2162 1287 2162 1188 2169 1087 2175 913 2175 900 2167 887 2162 884 2162 882 2162 836 2167 770 2175 702 2167 662 2162 660 2162 609 2167 515 2175 372 2167 374 2219"/></Shape>
	    <String CONTENT="Une verdure malsaine emplit le val où elle fuit. Elle traverse les ruines d’un"
                    HPOS="372"
                    VPOS="2160"
                    WIDTH="2307"
                    HEIGHT="79"
                    WC="0.9895388936694665"></String>
          </TextLine>

          
          
          <TextLine ID="eSc_line_3fd384d5"
                    TAGREFS="LT4125"
                    BASELINE="372 2312 2492 2307" 
                    HPOS="369"
                    VPOS="2252"
                    WIDTH="2123"
                    HEIGHT="77">
            <Shape><Polygon POINTS="372 2312 372 2329 2489 2325 2492 2307 2487 2268 1961 2268 1844 2252 1842 2252 1754 2266 1593 2252 1591 2252 1589 2252 1538 2266 1100 2255 1098 2255 1096 2255 1094 2255 1074 2268 922 2268 832 2255 829 2255 700 2268 660 2255 658 2255 656 2255 585 2266 499 2255 497 2255 369 2270 372 2312"/></Shape>
	    <String CONTENT="moulin. Le moulin servit d’auberge, puis ferma: c’était un coupe-gorge."
                    HPOS="369"
                    VPOS="2252"
                    WIDTH="2123"
                    HEIGHT="77"
                    WC="0.9990858634312948"></String>
          </TextLine>

          
          
          <TextLine ID="eSc_line_99be4fc1"
                    TAGREFS="LT4125"
                    BASELINE="482 2431 2674 2426" 
                    HPOS="479"
                    VPOS="2369"
                    WIDTH="2195"
                    HEIGHT="77">
            <Shape><Polygon POINTS="482 2431 482 2446 2672 2444 2674 2426 2672 2384 2637 2369 2635 2369 2632 2369 2630 2369 2595 2384 2483 2384 2454 2369 2452 2369 2450 2369 2359 2380 2329 2369 2326 2369 2324 2369 2322 2369 2320 2369 2298 2382 2291 2382 2161 2382 2142 2369 2139 2369 2137 2369 2135 2369 2133 2369 2093 2382 2091 2384 1996 2384 1994 2382 1968 2369 1965 2369 1963 2369 1961 2369 1913 2382 1908 2384 1818 2384 1813 2382 1789 2369 1787 2369 1785 2369 1677 2382 1666 2382 1659 2382 1613 2369 1611 2369 1609 2369 1607 2369 1569 2382 1558 2387 1490 2387 1481 2382 1466 2371 1463 2371 1461 2371 1459 2371 1400 2380 1378 2384 1360 2380 1320 2371 1318 2371 1316 2371 1261 2380 1239 2384 1221 2380 1186 2371 1184 2371 1182 2371 1140 2380 1120 2384 1091 2380 1034 2371 1032 2371 1030 2371 999 2380 981 2384 946 2380 880 2371 878 2371 876 2371 845 2380 829 2384 818 2380 799 2371 796 2371 794 2371 730 2380 691 2384 649 2380 587 2371 585 2371 479 2378 482 2431"/></Shape>
	    <String CONTENT="Elle court dans les éboulis. Une mine d’arsenic y fut exploitée, puis"
                    HPOS="479"
                    VPOS="2369"
                    WIDTH="2195"
                    HEIGHT="77"
                    WC="0.9842558226115267"></String>
          </TextLine>

          
          
          <TextLine ID="eSc_line_de2b2aca"
                    TAGREFS="LT4125"
                    BASELINE="372 2519 2676 2519" 
                    HPOS="372"
                    VPOS="2464"
                    WIDTH="2304"
                    HEIGHT="74">
            <Shape><Polygon POINTS="372 2519 372 2538 2676 2538 2676 2519 2676 2475 2639 2464 2637 2464 2635 2464 2632 2464 2584 2475 1769 2464 1767 2464 1699 2475 1646 2464 1644 2464 1642 2464 1609 2475 1558 2464 1556 2464 1554 2464 1525 2477 1182 2477 1124 2464 1122 2464 981 2475 904 2464 902 2464 900 2464 860 2475 785 2464 783 2464 724 2475 671 2464 669 2464 589 2475 537 2464 534 2464 460 2475 411 2464 409 2464 407 2464 405 2464 372 2475 372 2519"/></Shape>
	    <String CONTENT="abandonnée. On dit que les eaux arsenicales font les chairs plus fermes, le"
                    HPOS="372"
                    VPOS="2464"
                    WIDTH="2304"
                    HEIGHT="74"
                    WC="0.9875221754375257"></String>
          </TextLine>

          
          
          <TextLine ID="eSc_line_df62449d"
                    TAGREFS="LT4125"
                    BASELINE="374 2611 2674 2607" 
                    HPOS="372"
                    VPOS="2552"
                    WIDTH="2302"
                    HEIGHT="79">
            <Shape><Polygon POINTS="374 2611 374 2626 2670 2631 2674 2607 2670 2567 2414 2567 2370 2552 2368 2552 2366 2552 2364 2552 2362 2552 2337 2567 2254 2567 2201 2552 2199 2552 2197 2552 2078 2565 1985 2552 1983 2552 1981 2552 1979 2552 1957 2565 1937 2554 1935 2554 1932 2554 1855 2567 1386 2567 1329 2554 1327 2554 1265 2567 1195 2554 1193 2554 1054 2565 995 2554 992 2554 990 2554 988 2554 968 2567 946 2554 944 2554 942 2554 940 2554 823 2565 730 2554 728 2554 726 2554 671 2567 574 2554 572 2554 570 2554 537 2569 372 2569 374 2611"/></Shape>
	    <String CONTENT="sang plus vif, mais les bêtes alentour en crevaient. Des ruines demeurent,"
                    HPOS="372"
                    VPOS="2552"
                    WIDTH="2302"
                    HEIGHT="79"
                    WC="0.9931096347173055"></String>
          </TextLine>

          
          
          <TextLine ID="eSc_line_982db32d"
                    TAGREFS="LT4125"
                    BASELINE="372 2701 2676 2695" 
                    HPOS="369"
                    VPOS="2640"
                    WIDTH="2307"
                    HEIGHT="88">
            <Shape><Polygon POINTS="372 2701 372 2717 556 2728 559 2728 708 2717 726 2717 735 2717 803 2728 805 2728 1091 2717 1160 2714 1197 2717 1329 2725 1331 2725 1334 2725 1367 2717 1373 2714 1402 2717 1532 2725 1534 2725 2674 2712 2676 2695 2674 2655 2630 2640 2628 2640 2626 2640 2624 2640 2571 2655 2289 2655 2238 2640 2236 2640 2234 2640 2104 2653 2005 2640 2003 2640 2001 2640 1998 2640 1976 2653 1763 2642 1761 2642 1758 2642 1756 2642 1734 2655 1684 2642 1681 2642 1679 2642 1516 2655 1461 2642 1459 2642 1457 2642 1336 2655 1243 2642 1241 2642 1182 2655 1142 2642 1140 2642 1138 2642 1010 2657 948 2644 946 2644 944 2644 904 2657 649 2657 479 2644 477 2644 369 2659 372 2701"/></Shape>
	    <String CONTENT="quelques wagonnets rouil - lés, et la gueule béante d’une galerie en partie"
                    HPOS="369"
                    VPOS="2640"
                    WIDTH="2307"
                    HEIGHT="88"
                    WC="0.9875253276391462"></String>
          </TextLine>

          
          
          <TextLine ID="eSc_line_c3c2907b"
                    TAGREFS="LT4125"
                    BASELINE="372 2789 2679 2789" 
                    HPOS="372"
                    VPOS="2732"
                    WIDTH="2307"
                    HEIGHT="77">
            <Shape><Polygon POINTS="372 2789 372 2809 2679 2809 2679 2789 2679 2745 2637 2732 2635 2732 2632 2732 2560 2747 2412 2747 2384 2732 2381 2732 2379 2732 2377 2732 2333 2745 2274 2732 2271 2732 2269 2732 2219 2745 2093 2732 2091 2732 1963 2747 1886 2747 1721 2747 1721 2745 1688 2732 1686 2732 1684 2732 1615 2745 1580 2734 1578 2734 1576 2734 1474 2745 1446 2732 1444 2732 1441 2732 1369 2743 1296 2732 1294 2732 1292 2732 1290 2732 1268 2745 1175 2732 1173 2732 1171 2732 1129 2743 1023 2732 1021 2732 1019 2732 979 2745 979 2747 735 2747 730 2745 651 2732 649 2732 647 2732 614 2745 612 2745 609 2745 523 2732 521 2732 519 2732 486 2745 484 2745 479 2745 394 2732 391 2732 389 2732 387 2732 372 2741 372 2789"/></Shape>
	    <String CONTENT="éboulée. Un ruisseau à truites dévale entre les rives jaunâtres. La demoiselle"
                    HPOS="372"
                    VPOS="2732"
                    WIDTH="2307"
                    HEIGHT="77"
                    WC="0.9958351570439626"></String>
          </TextLine>

          
          
          <TextLine ID="eSc_line_1f1f2e0e"
                    TAGREFS="LT4125"
                    BASELINE="372 2879 2676 2875" 
                    HPOS="369"
                    VPOS="2822"
                    WIDTH="2307"
                    HEIGHT="75">
            <Shape><Polygon POINTS="372 2879 372 2897 2674 2893 2676 2875 2672 2838 2370 2838 2333 2822 2331 2822 2329 2822 2326 2822 2324 2822 2300 2838 2135 2838 2084 2822 2082 2822 2080 2822 2078 2822 2075 2822 2051 2838 1717 2838 1655 2822 1653 2822 1521 2838 1485 2824 1483 2824 1481 2824 1382 2838 1360 2824 1358 2824 1356 2824 1353 2824 1168 2835 933 2824 931 2824 929 2824 926 2824 909 2835 737 2824 735 2824 636 2838 460 2824 457 2824 369 2840 372 2879"/></Shape>
	    <String CONTENT="en blanc y piétine frénétiquement, elle suit la ravine qui s’ouvre. A peine a-t-"
                    HPOS="369"
                    VPOS="2822"
                    WIDTH="2307"
                    HEIGHT="75"></String>
          </TextLine>

          
          
          <TextLine ID="eSc_line_7ed94395"
                    TAGREFS="LT4125"
                    BASELINE="372 2972 2674 2967" 
                    HPOS="369"
                    VPOS="2912"
                    WIDTH="2305"
                    HEIGHT="77">
            <Shape><Polygon POINTS="372 2989 2672 2985 2674 2967 2670 2926 2403 2926 2384 2912 2381 2912 2379 2912 2377 2912 2375 2912 2331 2926 2183 2926 2159 2912 2157 2912 2155 2912 2073 2923 1413 2915 1411 2915 1408 2915 1386 2926 468 2915 466 2915 369 2928 372 2972"/></Shape>
	    <String CONTENT="on l’impression qu’elle progresse. Elle a retroussé ses voiles, et des gouttes"
                    HPOS="369"
                    VPOS="2912"
                    WIDTH="2305"
                    HEIGHT="77"
                    WC="0.996184441862227"></String>
          </TextLine>

          
          
          <TextLine ID="eSc_line_380bc441"
                    TAGREFS="LT4125"
                    BASELINE="372 3062 1230 3062" 
                    HPOS="372"
                    VPOS="3007"
                    WIDTH="858"
                    HEIGHT="81">
            <Shape><Polygon POINTS="372 3062 372 3075 609 3088 612 3088 1230 3075 1230 3062 1230 3020 847 3020 829 3007 827 3007 825 3007 823 3007 468 3018 398 3007 396 3007 394 3007 372 3018 372 3062"/></Shape>
	    <String CONTENT="d’eau aspergent, ses cuisses."
                    HPOS="372"
                    VPOS="3007"
                    WIDTH="858"
                    HEIGHT="81"
                    WC="0.9771803144750923"></String>
          </TextLine>

          
          
          <TextLine ID="eSc_line_d564890d"
                    TAGREFS="LT4125"
                    BASELINE="484 3181 2676 3176" 
                    HPOS="482"
                    VPOS="3121"
                    WIDTH="2194"
                    HEIGHT="75">
            <Shape><Polygon POINTS="484 3181 484 3196 2674 3192 2676 3176 2672 3135 2549 3121 2547 3121 2489 3132 2487 3132 2428 3121 2425 3121 2423 3121 2384 3132 2381 3132 2370 3132 2205 3121 2203 3121 2150 3132 2144 3135 1987 3135 1983 3132 1963 3121 1961 3121 1959 3121 1677 3130 1534 3137 1369 3137 1358 3130 1345 3124 1342 3124 1340 3124 1285 3130 1235 3135 482 3128 484 3181"/></Shape>
	    <String CONTENT="Une bande de terre gazonnée accompagne le ruisseau. Sur ses bords se"
                    HPOS="482"
                    VPOS="3121"
                    WIDTH="2194"
                    HEIGHT="75"
                    WC="0.9973381066667861"></String>
          </TextLine>

          
          
          <TextLine ID="eSc_line_3a56fd29"
                    TAGREFS="LT4125"
                    BASELINE="372 3271 2676 3271" 
                    HPOS="372"
                    VPOS="3214"
                    WIDTH="2304"
                    HEIGHT="79">
            <Shape><Polygon POINTS="372 3271 372 3284 2674 3293 2676 3271 2676 3227 2456 3227 2454 3225 2423 3214 2421 3214 2419 3214 2313 3225 2296 3227 2049 3227 2042 3223 2020 3214 2018 3214 2016 3214 1959 3223 1941 3225 1928 3223 1897 3214 1895 3214 1893 3214 1840 3223 1818 3225 1800 3223 1765 3214 1543 3214 1541 3214 1538 3214 1523 3220 1510 3225 1485 3220 1450 3214 1448 3214 1446 3214 1419 3220 1397 3225 372 3216 372 3271"/></Shape>
	    <String CONTENT="balancent de hautes fleurs en panaches blafards. C’est le varaire. Même port,"
                    HPOS="372"
                    VPOS="3214"
                    WIDTH="2304"
                    HEIGHT="79"
                    WC="0.9929406642913818"></String>
          </TextLine>

          
          
          <TextLine ID="eSc_line_319260d4"
                    TAGREFS="LT4125"
                    BASELINE="372 3361 2679 3355" 
                    HPOS="369"
                    VPOS="3300"
                    WIDTH="2310"
                    HEIGHT="77">
            <Shape><Polygon POINTS="372 3361 372 3377 2676 3374 2679 3355 2672 3302 2599 3313 2564 3302 2555 3300 2553 3300 2551 3300 2549 3300 2540 3302 2505 3317 2357 3317 2326 3304 2313 3300 2311 3300 2309 3300 2307 3300 2293 3304 2263 3315 2216 3306 2188 3300 2186 3300 2183 3300 2172 3306 2153 3317 2082 3317 2036 3306 1992 3300 1990 3300 1935 3308 1875 3317 1820 3308 1772 3302 1769 3302 1767 3302 1752 3311 1736 3319 1323 3319 1290 3315 1184 3302 1182 3302 1100 3304 1098 3304 1076 3317 1069 3319 1041 3317 933 3304 931 3304 803 3319 790 3319 766 3319 433 3304 431 3304 429 3304 369 3322 372 3361"/></Shape>
	    <String CONTENT="même hampe, mêmes feuilles creuses que la gentiane. On les confond"
                    HPOS="369"
                    VPOS="3300"
                    WIDTH="2310"
                    HEIGHT="77"
                    WC="0.999678233090569"></String>
          </TextLine>

          
          
          <TextLine ID="eSc_line_2ece6bef"
                    TAGREFS="LT4125"
                    BASELINE="372 3454 2676 3445" 
                    HPOS="369"
                    VPOS="3390"
                    WIDTH="2307"
                    HEIGHT="86">
            <Shape><Polygon POINTS="372 3454 372 3476 2676 3458 2676 3445 2672 3403 2487 3403 2463 3390 2461 3390 2459 3390 2456 3390 2425 3401 2315 3390 2313 3390 2311 3390 2309 3390 2289 3401 1785 3392 1783 3392 1664 3403 1593 3392 1591 3392 1589 3392 1558 3403 1527 3392 1525 3392 1523 3392 1338 3405 948 3394 946 3394 818 3407 475 3396 473 3396 369 3410 372 3454"/></Shape>
	    <String CONTENT="parfois. Les vieux bergers usaient de la fleur séchée du varaire. Le chasseur"
                    HPOS="369"
                    VPOS="3390"
                    WIDTH="2307"
                    HEIGHT="86"
                    WC="0.9982162714004517"></String>
          </TextLine>

          
          
          <TextLine ID="eSc_line_1462152a"
                    TAGREFS="LT4125"
                    BASELINE="372 3539 2674 3535" 
                    HPOS="369"
                    VPOS="3480"
                    WIDTH="2305"
                    HEIGHT="79">
            <Shape><Polygon POINTS="372 3539 372 3559 2672 3557 2674 3535 2672 3495 2635 3480 2632 3480 2630 3480 2553 3495 2421 3495 2373 3480 2370 3480 2368 3480 2366 3480 2364 3480 2340 3495 2188 3495 2148 3480 2146 3480 2144 3480 2142 3480 2113 3495 1743 3495 1699 3480 1697 3480 1695 3480 1620 3493 1543 3480 1541 3480 1448 3495 1351 3482 1349 3482 1261 3495 929 3482 926 3482 741 3495 713 3482 711 3482 583 3482 581 3482 369 3498 372 3539"/></Shape>
	    <String CONTENT="noiraud a le regard hébété que l’on attribue à ceux qui en abusent. Le souffle"
                    HPOS="369"
                    VPOS="3480"
                    WIDTH="2305"
                    HEIGHT="79"
                    WC="0.9839982143262538"></String>
          </TextLine>

          
        </TextBlock>
        

        
      </PrintSpace>
    </Page>
  </Layout>
</alto>
