3060 3960
369 448 2312 80 bière où il a versé la moitié de la petite bouteille, puis il le vide d’un trait et

475 374 2204 66 La chatte se pelotonne, ronronne. Ramos vide son picon dans son verre à

369 554 1548 70 accroche par le coude la serveuse qui s’en retourne.

479 662 577 81 — La même chose.

479 776 2197 84 Il désigne le verre à apéritif et la petite bouteille. La grosse fille s’en va

369 871 555 77 en hochant la tête.

479 990 2200 74 Le Barbeau considère avec mépris les maisons tassées sous leur

369 1082 2307 77 carapace de lause grise, la place gazonnée déserte, l’église d’où sourd une

374 1172 656 77 litanie imperceptible.

484 1287 434 90 — Quel bled!

479 1414 2204 73 Soudain il se redresse, la main à la poche produit un couteau à cran

372 1502 2309 77 d’arrêt. Une pression, la lame jaillit, claque. Les autres, éberlués, le voient

369 1590 2305 77 enjamber un banc et foncer sur le mur de l’auberge. Méthodiquement, le

372 1683 2300 77 Barbeau entreprend d’arracher le panneau publicitaire « Y a Bon Banania».

372 1773 1543 75 Chtouki se désintéresse le premier de cette activité.

479 1894 1242 81 — J' sais pas comment j’ai pu me paumer.

479 2006 2059 92 — C’est bien ça qu’on voulait, la paix et la tranquillité, oui? dit Saïd.

477 2127 518 88 Chtouki soupire.

479 2248 1762 90 — Tout de même, moi j’aimeràis bien becqueter par le fait.

479 2373 839 73 Ramos le regarde et ricane.

482 2490 2192 88 — Tu peux quand même attendre, dit le Barbeau qui revient, sa besogne

372 2582 301 75 terminée.

477 2699 1385 88 — Par le fait, ajoute Ramos le regard en coin.

479 2818 725 88 — Merde! fait Chtouki.

482 2948 2197 68 La grosse fille revient avec la bouteille de picon. Elle commence à

376 3033 2300 75 verser dans le verre de Ramos, mais celui-ci lui arrache la bouteille des

372 3124 477 72 mains et sourit.

482 3242 466 84 — Thank you!

477 3361 2204 77 La prononciation de Ramos est exécrable, et son ivresse maintenant

372 3451 2304 80 indubitable. Les quatre hommes, Chtouki en tête, s’esclaffent. La grosse fille
