3060 3960
374 468 1114 60 une mauvaise lueur au fond des yeux.

479 363 2193 81 A ce moment, la patronne est appelée à l’intérieur. Ramos fixe Chtouki,

482 572 2005 74 — Tu tiens p’tête encore l' manche mais moi, Chtouki, j' t’emmerde.

482 688 2201 90 Le visage de Chtouki se crispe; il veut qu’on l’appelle Michel, le prénom

374 783 1970 77 que lui donna son père petit Blanc, il y a près de trente ans à Sfax.

482 897 1413 88 — J' t’ai déjà dit qu' mon p’tit nom c’est Michel.

482 1016 2192 88 — Y a pas d' Michel. Moi, Chtouki, j' t’emmerde. P’tête que j' suis bourré,

369 1111 1167 88 mais par le fait, Chtouki, j' t’emmerde.

479 1232 2197 77 Ramos appuie sur l’expression favorite pour agacer davantage; l’autre ne

372 1326 1481 73 relève pas, mais on sent qu’il bout intérieurement.

479 1436 1006 88 — P'tête bien que j' suis beurré...

479 1559 1856 77 La cabaretière revient. Ramos la fixe de son regard d’ivrogne.

486 1683 2190 74 — P’tête bien que j' suis beurré, mais j' bois à la santé d’Madame par le

365 1766 161 93 fait.

479 1889 1257 77 Un temps. Puis il ajoute entre haut et bas:

479 2008 1372 90 — Et puis les Juifs, j' les emmerde par le fait.

482 2129 1103 84 — Bois et écrase-toi, dit le Barbeau.

482 2252 2192 77 D’un poing ferme, il a fait se rasseoir Chtouki qui s’était dressé menaçant.

374 2345 2302 72 Ramos s’est tu, l’œil vague. Sa chatte est venue le rejoindre, très ivre, elle

372 2431 1688 77 aussi; elle s’installe sur ses genoux. Saïd fait diversion:

479 2549 1570 86 — Vous savez pas par hasard s’il y aurait du travail?

477 2668 1332 77 — Du travail? La saison est bien avancée...

490 2796 2186 79 — Pour une semaine ou deux, dans une ferme. On bosse toujours

367 2882 2312 77 ensemble, on sait tout faire... Avant, on était dans l’ pneu, à Clermont. On

369 2972 2277 88 pourrait faire trois semaines, peut-être plus... On demande pas grand-chose.

479 3088 1068 86 La patronne réfléchit, hoche la tête.

484 3209 2190 82 — Y a bien le Mistigri... Justement, on en parlait tantôt à l’enterrement.

367 3300 2309 79 Oui, ça pourrait l’intéresser. L’Eugène, son fils, part faire son régiment. Il

374 3392 2307 106 s’en va demain, à la veille de faner. Oui, sûrement que ça pourrait
