3060 3960
369 363 2312 74 traînent sous le soleil, et les enfants dans leur toilette amidonnée chantent

369 451 2072 83 d’une voix pure que c’est le mois de Marie, c’est le mois le plus beau.

479 580 2202 66 Le vent apporte jusqu’ici le son du cantique en l’honneur de Marie et

374 664 2305 75 Mariette, cette autre enfant, rit. Adossée au rocher, les yeux fermés, elle a

372 752 2307 75 lâché le fusil qui a rebondi dans les pierres. Elle se rappelle que le mois de

372 842 2311 77 Marie, c’est mai. On est en août. Elle s’amuse de cette réalité que les fées ont

369 939 2312 68 bien voulu forcer, elle y voit un signe bénéfique. Elle reste encore un moment

369 1023 2307 74 immobile, contemplant le corps de celui qui croyait être le chasseur : un de

374 1115 1367 73 ses pieds baigne dans le courant de la source.

482 1232 2194 81 Elle finit par se pencher. Elle se frotte le visage pour se démaquiller,

369 1337 2307 62 rajuste sous son voile les cheveux qui dépassent, puis part lentement, à petits

369 1410 2310 86 pas. Elle refait en sens inverse le même chemin. Par le flanc de la pente, elle

372 1502 2304 86 grimpe dans la mousse et la pierraille, passe sous les châtaigniers

367 1592 2309 75 centenaires, s’arrête pour souffler. Un geai, ouvert comme d’un coup de

367 1683 2314 74 couperet, gît devant elle. Ses ailes sont bleues et des guêpes bourdonnent

369 1773 654 81 dans son ventre vidé.

477 1894 2199 70 Elle repart. Elle suit la rivière. Plus loin, un chemin de char bordé

369 1982 2301 75 d’ormes la traverse sur un pont gazonné. Il y a un calvaire. C’est la Croix —

372 2070 907 88 Morant. Et il y a une légende:

477 2189 557 85 La Croix-Morant

482 2312 858 81 Veut un homme tous les ans

477 2431 1308 77 La Croix-Morant, c’est la croix du mourant.

479 2552 2197 83 Mariette se signe. Elle remarque des traces de sang sur ses gants de

367 2640 2312 74 dentelle blanche. Elle les retire, les frotte avec du sable dans la rivière. La

369 2732 1273 81 dentelle se déchire, mais le sang demeure.

479 2851 2193 81 Elle soulève la mousse au pied du calvaire, creuse, enterre les gants,

367 2943 2309 75 remet la terre, replace la mousse. Puis elle traverse le pont. Au-dessus, le

369 3031 2307 77 chemin bordé d’ormes tourne en corniche. Il mène à la Bastide de la Croix-

374 3121 2302 80 Morant. C’est la ferme de Mistigri, c’est chez elle. A cette heure, elle sera

374 3214 808 75 seule. Elle se met à courir.

482 3335 1098 75 Cela se passe une semaine plus tard.
