3060 3960
369 365 2307 72 l’odeur de son corps, une odeur brute, une odeur de corps qui n’a jamais

372 468 2309 60 connu d’autre parfum que le sien propre. L’homme en ressent une excitation

369 541 2307 86 étrange, si fruste qu’elle lui paraît être le comble du raffinement le plus

369 631 2312 77 exquis. Découvrir sous la robe échancrée de Marguerite ses seins qui sont

372 721 2304 86 gros et complètement nus le laisse haletant, et agacé aussi. Pendant quelques

369 811 2305 80 secondes, il reste ainsi, suspendu, hésitant à toucher ou à effleurer. Puis il

374 904 2146 75 s’écarte, légèrement. Mais la main de Marguerite se pose sur son bras...

477 1018 2199 82 Un peu à l’écart, Chtouki regarde Nane; mais Nane, qui s’est assise sur la

369 1115 2312 73 râteleuse à côté de Ramos, joue avec la chatte noire. Du coup, ses yeux

374 1203 2302 75 viennent se poser sur Mariette humiliée et honteuse. Il se demande pourquoi

369 1291 2301 84 elle a l’air de si méchante humeur. « P’tête pa’c' qu’on s’occupe pas d’elle»,

369 1377 2305 81 se répond-il. Elle a l’air si jeune aussi... — Pourtant elle a la taille mince, le

369 1469 2305 84 corps déjà élancé... « Y a des bêtises qu’il faut pas faire », se dit-il encore.

369 1568 2307 71 Pour le moment, il préfère donc oublier. Mais cette diversion le réduit à

374 1654 242 70 l’ennui.

482 1773 2194 86 — On pourrait p’têt' casser une croûte, pro- pose-t-il. On n’a pas encore

369 1865 460 82 mangé, nous...

479 1977 1700 80 Il y a un silence, puis la voix de Nane répond à Chtouki:

482 2101 1732 85 — J' vais vous faire à manger, moi. Qui est-ce qui a faim?

477 2219 2199 77 Et sans attendre, elle se dirige vers la porte de l’habitation suivie de

369 2310 2312 88 Chtouki. Mariette, puis Ramos, lui emboîtent le pas. Le Barbeau et

374 2404 1204 84 Marguerite disparaissent vers la grange.

488 2519 2188 81 Voici Jeanne et Saïd demeurés seuls dans la cour. Ils sont debout face à

374 2611 169 81 face.

482 2732 2192 75 Longtemps ils se sont regardés. Le mégot de Saïd est devenu minuscule.

372 2822 2304 75 Saïd a commencé à se brûler. Il a éteint soigneusement le mégot entre le

369 2910 2314 88 pouce et l’index, un tic qu’il a, et l’a jeté. Pendant ce temps, Jeanne continuait

367 3000 2309 80 de fumer maladroitement sa cigarette; des particules de tabac se collaient à

372 3091 2304 77 ses lèvres. Elle y porta l’index pour les en retirer, et en tira prétexte pour

369 3183 2305 86 jeter la sèche. Ensuite sa main ne retomba pas le long de son corps.

372 3271 2304 75 Lentement, elle se dirigea vers Saïd ; timidement, à travers la chemise

369 3361 2310 79 déboutonnée, elle alla se poser bien à plat sur sa poitrine; doucement, du

369 3451 1420 80 bout des ongles, elle effleura sa toison bouclée.
