3060 3960
372 453 2309 75 Et encore, il était seul : la négresse était restée au buron. Géraud était venu

482 367 2192 70 Le Tonton n’était pas retourné à l’église depuis l’enterrement de l’Eugène.

369 541 2305 81 de Saint-Flour; il n’avait pas encore été nommé aux Martres-Sainte-Marie,

372 631 2309 77 mais c’était lui qui avait dit la messe des funérailles, puisqu’il était l’oncle du

369 723 2310 73 mort. Le curé d’alors était arrivé dans sa vieille torpédo à marchepied et à

369 809 2310 79 trompe. L’harmonium était arrimé à l’arrière. Il n’y en avait qu’un dans toute

369 902 2307 85 la région et dans ces pays le curé dessert plusieurs paroisses. Plutôt que de

374 992 2305 75 le décharger, il faisait entrer l’harmonium et la torpédo dans l’église. Une

369 1082 2307 86 économie d’efforts, et puis ainsi les galopins ne risquaient pas de faire

367 1172 2305 79 couiner la trompe à l’extérieur pendant l’office. C’était ce même curé qui,

369 1262 2305 75 dans les descentes, pour ralentir, faisait jeter par ses enfants de chœur des

374 1355 2307 72 fagots attachés par des cordes au châssis de sa voiture. Maintenant ce vieux

372 1443 2304 75 était mort, la torpédo à la ferraille ou quelque part dans un ravin; quant à

372 1533 2309 75 l’harmonium, Géraud l’avait remplacé par un électrophone qui lui faisait

369 1621 498 86 mieux du profit.

488 1740 2193 92 Tandis que le Tonton se surprend à regretter le vieux curé, sa voiture, son

369 1832 2307 75 harmonium et les farces passées, au son du glas, la foule s’engouffre dans

369 1922 2307 75 l’église qui commence à tomber en ruines. Un gamin retardataire et sa mère

369 2013 2307 81 embesognée par un tout petit escaladent le parvis. Le gosse dévisage la

372 2098 2304 82 négresse. Elle lui sourit. Le gamin fait une grimâce. La négresse en fait une

369 2189 2307 79 autre, horrible. Le gâmin écarquille les yeux. Il essaie de faire une autriï

372 2283 2304 84 grimace encore plus affreuse, en tirant sans s’en rendre compte sur la jupe de

369 2371 2312 77 sa mère. Celle-ci le gifle après un vague regard vers la négresse qui se tient

369 2459 2310 82 droite, face à l’autel, le regard fixé sur le catafalque rudimentaire, loin

369 2552 874 85 devant elle. Le gosse pleure.

482 2673 1279 83 — Esta meschanta, c’te noiraude, gémit-il.

482 2796 2199 70 La mère le secoue, rentre dans la culotte une corne de chemise qui en est

369 2882 2312 88 sortie, regarde la négresse qui la toise, se penche pour parler à l’oreille du

376 2987 2063 66 gamin. Celui-ci fixe la négresse avec terreur et se tait instantanément.

495 3093 2186 88 — Regarde pas, glapit la mère. Et puis ferme ta braguette, ça fait

369 3183 507 81 mauvaise façon.

479 3302 2105 77 — De profundis clamavi ad te, Domine, Domine, exaudi vocem meam.

479 3418 2200 82 A moitié bas, l’abbé Charvaysse a commencé les paroles rituelles en

374 3513 2300 77 latin. Les battants de l’antique porte sculptée de l’église se sont refermés
