3060 3960
372 453 352 86 de Cognac.

479 360 2197 80 Le Barbeau songeur considère Ramos qui liquide le fond de la bouteille

484 569 1484 86 — C’est pas ici qu’on s' fera d’la monnaie, dit-il.

484 693 2190 77 Saïd plisse les yeux et hausse les épaules; il ne daigne pas le regarder.

369 781 1090 85 Chtouki traduit la pensée commune:

479 902 1246 81 — Tu voudrais retourner au charbon, toi?

479 1020 1365 77 Le Barbeau ne répond pas. Chtouki continue:

493 1141 2179 84 — On s’est cassé, c’est pas pour y retourner, au charbon. C' qui

374 1232 2287 79 m’intéresse ici, moi, c’est la tranquillité. Seulement la tranquillité, par le fait.

479 1350 973 75 — Oui, d’accord, dit le Barbeau.

482 1471 724 75 Il regarde autour de lui.

482 1588 781 86 — Quel bled tout d’même.

479 1711 2195 88 Il soupire et tire de sa poche un illustré. Il se plonge dans les aventures

372 1799 792 86 de Mandrake le Magicien.

484 1918 467 79 Saïd se déplie.

484 2039 977 88 — Où tu vas ? demande Chtouki.

482 2164 581 82 — Marcher un peu.

479 2283 2204 75 En fait, il s’arrête sur le bord de la terrasse, un pied sur le parapet, et

369 2387 2307 61 contemple les sommets. Ils ont disparu complètement dans les nuages. Les

369 2466 1229 70 roulements de tonnerre sont tout proches.

477 2582 2199 73 A ce moment, des bruits de pas et des voix signalent le retour des

372 2670 2304 84 villageois. La patronne du café arrive. Elle salue les hommes d’un signe de

372 2761 145 74 tête.

482 2882 422 81 — Messieurs.

477 2998 2202 82 Elle franchit le rideau de perles, se débarrasse de son chapeau, chasse la

374 3095 2307 81 grosse fille d’un coup de torchon et ressort, son torchon sur l’épaule, nouant

372 3183 1811 77 un tablier sur son ventre. Elle sourit à Saïd qui lui demande:

482 3300 1261 85 — Vous croyez qu’on va l’avoir cette fois?

482 3418 616 82 Elle regarde le ciel.
