3060 3960
369 363 2307 74 l’homme ne la juge et se moque. Le voici qui lui parle à voix basse, et elle

372 455 1380 84 est si émue qu’elle ne comprend pas. Il répète.

495 574 2181 83 — Tu as peur? demande Saïd entre haut et bas. Jeanne secoue

376 664 709 73 vigoureusement la tête.

482 783 2021 86 — Tu as quand même un tout petit peu peur, dit très doucement Saïd.

482 899 231 82 — Oui.

479 1018 2197 79 Un oui imperceptible, émis dans un souffle. Le sourire de l’homme

369 1111 1610 83 demeure. Il la regarde avec une grande bienveillance.

484 1232 2192 85 — Il ne faut pas avoir peur... Donne ta main. Donne, je te ferai pas de

372 1324 162 73 mal.

477 1438 2202 80 Jeanne n’a pas bougé. Avec une gentillesse autoritaire, Saïd lui prend la

369 1531 2305 77 main et l’approche de sa poitrine, les doigts de la jeune fille — ils sont longs

369 1621 2307 77 et fins- s’emmêlent dans sa toison. Il lâche la main qui continue à vivre toute

372 1709 2304 79 seule, puis soudain s’arrête. Pétrifiée, Jeanne n’ose plus affronter le regard de

369 1801 2301 86 l’homme. Saïd comprend; il se recule légèrement. Vite, elle se dégage,

369 1889 1467 84 échappe à son emprise. Elle est toute tremblante.

482 2008 1488 86 — Si on lui rafraîchissait les idées, propose Saïd.

479 2131 2197 75 Il désigne Fernand, puis montre le grand bâchât dans la cour. L’idée

369 2219 2307 75 enchante Jeanne; la diversion qu’elle constitue la fait éclater de rire. Elle

369 2314 2305 81 avise la serpe tombée sur le sol; elle s’en empare; puis, en trois coups secs,

367 2400 2309 79 elle tranche les bretelles du patapouf. Son rire redouble, déclenche celui de

374 2486 180 81 Saïd.

482 2607 2192 94 Ensuite, ils se penchent tous les deux sur le gros garçon. Elle l’attrape par

372 2703 1314 75 les cheveux, et lui, par le fond des brayes...

486 2820 2188 81 Tandis que Jeanne et Saïd trempent gaiement le conscrit dans l’abreuvoir,

369 2915 2307 72 les étrangers attirés par le bruit sortent de la grange. Chtouki est habillé

367 3000 2314 77 comme la veille : jeans délavés, chemise kaki, chapeau de brousse; il tient

372 3093 2311 77 ses bottes à la main. Le Barbeau recoiffe sa toison laineuse à laquelle se sont

369 3179 2307 77 enchevêtrés des brins de paille; il arbore une splendide chemise rouge

372 3271 2309 79 fraîchement repassée. Ramos, lui, est plus sale que jamais : il porte son

367 3359 2309 79 éternel T-shirt bleu marine croisillonné, et ses joues ont une barbe de trois

369 3451 2307 88 jours qui les fait paraître bleues. Il se gratte d’une main; de l’autre il tient une
