3060 3960
367 365 2309 83 joues couperosées, la moustache poivre et sel, porte sur l’épaule les barrettes

367 451 2314 74 de commandant. Un homme les rejoint, qui est descendu de l’autre côté du

374 543 2305 75 véhicule, si bien que ceux du débit viennent seulement de le remarquer. Avec

372 629 2304 79 ses allures de fermier aisé, culottes de velours, bottes de cuir fauve, veste de

369 723 2307 75 tweed avec insigne de la Légion d’honneur au revers, celui-là est le plus

372 816 457 70 maître de tous.

479 932 2197 86 — Ouh! fait l’aubergiste, pour sûr y a une foutue coquinade qui se cache

372 1020 380 75 là-dessous!

479 1141 2200 77 Du coup, il dépose son rasoir sur le parapet et débarrasse le client de sa

369 1232 2307 77 serviette pour se diriger vers les cars. Celui-ci, en coiffant son feutre noir, de

374 1324 2307 75 sa main calleuse le retient par le coude et dit avec des mines, à grosse façon

369 1430 293 57 matoise:

479 1537 2202 77 — Moi, on m’ôtera pas d° la caboche que c’est rapport à c’t' affaire du

369 1625 287 77 Cinabre.

479 1744 2200 90 L’aubergiste fait entendre un gloussement. Il désigne Mistigri à l’autre

372 1841 2309 73 bout de la tonnelle. Désintéressé de tout ce qui pourrait se passer, le vieux

372 1931 2304 73 leur tourne le dos; il est assis à une table faite de trois planches grossières

369 2021 2312 75 clouées sur des tréteaux. Il a devant lui son fusil, cassé et déchargé, et deux

369 2109 1205 86 chopines dont l’une, complètement vide.

482 2224 2192 90 — Tu parles, il a su y faire, l' Mistigri. Y a belle heurette que le Cinabre,

372 2321 2309 74 c’est enterré... (Il ricane grossièrement) et bien enterré à c’t' heure. M’est

372 2409 1692 77 avis que ça serait plutôt pour c’t' histoire de Bougnoules.

482 2536 2197 71 Il appuie son affirmation d’un regard madré; puis, clignant des yeux à

367 2620 2314 75 cause du soleil, il monte vers les trois hommes qui causent à moitié bas en

369 2708 2305 92 consultant une carte d’état-major que le lieutenant a sorti de sa sacoche. Il

369 2802 1315 71 avance sa main tendue en direction du civil.

479 2917 962 88 — Bonjour, monsieur le Député.

482 3040 667 84 — Ah, bonjour Boyer.

479 3159 2195 75 Brusquement, le civil a un mouvement de recul comme pour mieux le

372 3251 2128 75 mirer. Vite, l’aubergiste brosse une mèche de cheveux restée accrochée.

484 3368 1807 88 — Ah ça, Boyer, vous êtes de noce, que vous voilà si brave!
