3060 3960
486 365 779 81 — Oui, mon Commandant.

482 479 411 84 — Exécution.

482 602 1682 77 Le sergent Manchetti salue en claquant les talons et sort.

479 719 2195 79 — Bon, Fournier, regardez les photos. Vous envoyez une patrouille autour

369 811 2301 82 de la ferme de ce Mistigri. La Croix-Morant, là, vous voyez sur la carte...

372 904 2302 72 Mêmes instructions qu’au sergent Manchetti. Bon. Et vous faites tout de suite

369 990 2206 88 procéder à l’encerclement du lieu de l’accident. Vous suivez le plan prévu.

482 1113 821 83 — Bien, mon Commandant.

479 1232 1097 81 — Vous restez en liaison avec le car.

482 1353 2190 74 — Oui, mon Commandant. Et les Bougn... Et les Arabes,  que faisons¬

369 1445 910 84 nous par rapport aux Arabes?

479 1559 1295 88 — Surtout pas de bêtises, répond le député.

477 1680 1669 80 Le lieutenant le considère un instant sans bienveillance.

495 1795 2185 86 — Nous n’avons pas l’habitude des actions déraisonnables ou

369 1892 2312 74 imprudentes, dit sèchement le commandant, et le lieutenant Fournier est un

372 1984 2304 84 officier qui ne manque ni d’intelligence ni de jugement. Vous pouvez y aller,

372 2074 2304 73 Fournier, je vais continuer d’interroger les gens. Pour les Arabes, nous

369 2175 573 60 restons en contact.

475 2281 2199 79 Quand le lieutenant est sorti, le commandant se retourne vers l’aubergiste.

479 2402 2197 84 — Eh bien, monsieur Boyer, ces Arabes, vous pensez qu’ils ont eu une

367 2490 903 84 chance d’aller fouiner par là?

497 2615 2179 82 — Ça pour avoir eu une chance... c’est sûr qu’ils en ont eu une, à

369 2701 2307 75 banqueter comme ça des nuits entières sous les sapins. Et des gaillards

369 2794 2307 74 comme ça, m’est avis qu’ils y ont déjà été faire un tour, rapport à la fauche, je

369 2884 2305 83 sais pas si vous me comprenez... Mais qu’est-ce que c’est donc que c't'

372 2972 1050 75 avion, que ça fait un tel embarras?

504 3091 2172 85 — Oh beaucoup de bruit pour rien. Seulement, vous voyez (le

367 3181 2314 83 commandant retire ses lunettes; il se retourne vers le député, tout en glissant

367 3269 2309 88 par en dessous un regard furtif vers l’aubergiste), on s’inquiète à cause de ces

369 3361 2310 79 Arabes. Quels rapports ont-ils eu avec la population? Est-ce qu’ils se sont

372 3447 486 81 bien assimilés?
