3060 3960
479 363 2197 74 La répétition de l’expression favorite de Chtouki fait sourire Mariette.

374 451 960 77 Elle semble se détendre un peu.

479 569 2197 88 — C’est quand même not père, dit la Nane, j' me demande c' qu’on va

374 660 189 77 faire.

482 778 856 86 Mariette hausse les épaules.

477 899 938 86 — Qui vivra verra, fait Ramos.

475 1023 2204 74 Chtouki se déplace de manière à venir s’asseoir près de Nane; il pose sa

369 1108 722 77 main sur celle de Nane.

479 1229 2202 88 — T’en fais pas, va. Ton père, on va vite te l' faire oublier... Bientôt, tu

369 1324 877 81 pourras plus t' passer d’nous.

482 1441 576 85 — Mais les gens...

477 1557 837 88 Chtouki hausse les épaules.

486 1685 394 81 — Les gens!

482 1801 2194 84 Nane baisse les yeux. La présence de Chtouki tout contre elle

372 1889 2302 77 l’embarrasse horriblement. A la fois, l’homme l’attire et lui inspire une

374 1984 863 75 répulsion incompréhensible.

479 2098 1286 88 — Ils sont loin derrière toi, les gens, dit-il.

479 2224 2197 75 Nane a un mouvement machinal pour regarder derrière elle. Chtouki pose

369 2312 700 81 la main sur son épaule.

490 2433 2182 83 — Tu verras, dit-il, plus tard tu rigoleras. Tu pourras même p’us

372 2523 2133 75 comprendre comment t’as été si bête un jour... Tu verras c' que j' te dis.

482 2640 737 77 Il fouille dans sa poche.

482 2758 2115 86 — Attends... Pour pas qu' t’oublies. Si un jour t’as besoin d’te rappeler.

479 2884 2197 75 Il sort du fond de sa poche ce qui ressemble à une boule de papier de

376 2974 165 73 soie.

486 3091 280 85 — Tiens.

479 3209 2195 80 II déroule le papier de soie. La Nane et la Mariette s’approchent. Les

374 3306 764 73 têtes se touchent presque.

482 3418 361 91 — Regarde.
