3060 3960
477 360 2204 77 L’aubergiste réfléchit à ce qu’elle doit répondre. Elle entend à ce moment

369 462 2307 63 derrière elle un bruissement qui la tire d’embarras en la faisant se retourner.

369 539 2307 79 La grosse fille est là, sur le point de franchir le rideau de perles, et qui

369 631 2312 77 hésite. Sa patronne se décharge sur elle de son mince tracas en l’engueulant

369 723 309 86 en patois.

475 842 2208 75 Gilberte s’avance en tremblant, pose ses trois bouteilles sur la table et

369 928 2307 81 s’enfuit à l’intérieur au milieu d’un groupe de paysans endimanchés. Quelques

369 1020 2310 77 femmes sont restées sur la place de l’église. Elles bavardent en attendant que

372 1117 2307 73 leur homme ait bu le canon. Chtouki cherche parmi elles les filles de tout à

372 1201 997 83 l’heure, mais elles ne sont pas là.

477 1320 2197 77 Pendant ce temps, le curé s’est déshabillé. Il a retiré ses ornements

369 1412 2305 77 sacerdotaux, et il reparaît avec sa mauvaise soutane tachée et toute rapiécée.

374 1504 2300 80 En compagnie du cabaretier et de deux paysans, il traverse la terrasse,

372 1592 2304 77 adressant au passage un petit signe de tête aux étrangers, et pénètre dans la

369 1683 2307 74 buvette. Sur son passage, une habitude, Ramos s’est détourné pour cracher.

367 1771 2309 79 Chtouki lui décoche une bourrade en riant sous cape, mais la patronne n’a

372 1865 257 71 rien vu.

479 1977 1286 86 — Eh ben, on a l’air de fêter ça, dit Ramos.

479 2096 2200 93 — Dame, le défunt, il vivait seul. Il n’avait plus guère de famille, juste un

372 2191 1543 83 frère... Alors, comme il y aura pas de séboutures...

482 2310 1001 83 — Séboutures? interroge Ramos.

490 2433 2186 83 — Le repas. d’enterrement, explique la patronne... Comme il y a

369 2523 2307 88 personne pour payer, il y aura pas de tablée... Les hommes boiront juste à la

374 2609 477 75 santé du défunt.

482 2732 836 75 Ramos se lève en oscillant.

482 2851 1576 75 — Eh bien moi, madame, je bois à votre santé, dit-il.

482 2974 2194 75 Il brandit son verre, manque en renverser la plus grande partie, vide ce

374 3066 940 73 qui reste au fond de son gosier.

482 3176 1063 88 — Ta gueule, dit Chtouki à mi-voix.

486 3304 801 81 — Et moi si j’ veux causer.

488 3423 1836 86 — Ta gueule j’te dis, c’est encore moi qui tiens F manche, non.
