3060 3960
372 453 2311 77 Ramos plonge la main dans l’amas de vêtements. Il en ramène le flacon dont

479 367 2195 77 Les garçons se regroupent à distance respectable. Sans se détourner,

369 541 2310 77 il dévisse lentement le bouchon en surveillant les conscrits. Il termine la

372 633 1534 73 bouteille et la balance. Puis il allume une cigarette.

477 752 2199 75 Fernand regarde ses mains pleines de sang sans trop comprendre. Les

369 842 2307 75 blessures sont vraiment superficielles, mais saignent abondamment. Eugène

372 932 2302 75 l’aide à retirer sa chemise. Les autres conscrits murmurent, l’œil mauvais.

367 1020 2309 88 Quelques-uns ramassent des pierres. Eugène abandonne le Fernand pour

372 1111 2307 77 s’emparer d’un bout de ferraille qui traîne. A ce moment la tenancière du

372 1203 2117 77 débit sort, suivie de la grosse fille dont les yeux clignent sous le soleil.

482 1322 1078 88 — Eugène, qu’est-ce que tu tiens là ?

479 1438 751 88 — C'te ferraille, je tiens.

482 1562 920 85 — Et eux, qu’est-ce qu’ils ont?

482 1680 464 86 — Des pierres.

488 1804 2186 81 — Et qu’est-ce que vous voulez en faire de cette ferraille et de ces

372 1894 277 83 pierres?

482 2008 2172 82 Eugène baisse la tête. Il contemple en silence son morceau de fer rouillé.

486 2136 1286 83 — Tu vas me jeter ça, commande la femme.

484 2250 676 88 Eugène obéit, penaud.

482 2371 1226 84 — Si c’est pas malheureux, fait la femme.

477 2497 2199 70 Les conscrits ont l’air tout godiches, leurs pierres à la main. Pour la

369 2582 2303 82 bistrote, ce ne sont que des gamins. Plus d’une fois elle te les a torchon- nés,

369 2673 2307 74 et ils ne l’impressionneront jamais. Ils auront beau faire les fiers, même

372 2765 2100 75 quand ils reviendront du régiment, vieillis et forcis, ils seront toujours

479 2884 2171 81 pour elle les mêmes garnements, et elle te les tiendra en pogne de même.

477 3000 2202 80 Elle les regarde les uns après les autres. Quelques grands dadais piteux

372 3091 2148 79 laissent tomber subrepticement leur projectile. Elle invective les autres.

482 3220 2197 69 — Bougres d’imbéciles, vous allez m’lâcher ces cailloux tout d’suite, ou

372 3304 1230 86 tout grands qu' vous êtes, j' vous calotte!

479 3421 2202 79 Ramos demeure impassible. Il tire silencieusement sur sa cigarette. Son

369 3513 2305 77 regard demeure vigilant, au cas où il y en aurait un qui voudrait faire le
