3060 3960
486 358 2188 82 — Bon Dieu, quel mois d’août, soupire Chtouki. Y a plus d’saisons. (Il

374 453 1345 75 secoue la tête.) Y a plus d’saisons par le fait.

479 569 1418 84 — C’est là? demande Saïd descendu à son tour.

475 690 1312 77 Chtouki ne répond pas. Il poursuit son idée.

482 809 1994 77 — Bien la peine d’lâcher l' turbin... C’est bien la peine, par le fait.

477 932 2199 86 Il a une manière de prononcer et répéter l’expression par le fait qui porte

369 1023 2310 72 à sourire. Il hoche la tête et s’éponge le visage du revers de sa chemise

372 1126 2309 62 coquettement retourné. Il a vu la tenue, le geste et l’attitude autrefois dans un

369 1201 2307 86 film. Il les a admirés, et depuis repris à son compte. Chtouki est un grand

372 1293 2179 88 amateur de westerns, de peplums, de films noirs, et un grand conditionné.

479 1403 760 90 — C’est là? insiste Saïd.

477 1529 839 85 Chtouki hausse les épaules.

479 1650 1596 83 — J’ai dû m' foutre dedans. En tout cas, ça ressemble.

477 1771 2197 77 Il prend l’autre botte sur l’aile de la voiture et se met en devoir de

374 1861 1070 77 l’enfiler. En même temps, il ajoute:

479 1980 1233 88 — Et la route va pas plus loin par le fait.

482 2098 1248 80 Saïd sourit. Il fait le tour de l’automobile.

479 2219 2202 77 Saïd est le plus grand des quatre. A côté de Chtouki dont les cheveux et

374 2314 2309 75 les sourcils sont agressivement noirs, il paraîtrait presque blond. Saïd est un

369 2404 2307 75 kabyle pur, au sourire sain, démenti comme on dit par des yeux rapaces. Il a

372 2494 2307 75 les pommettes hautes, les mâchoires saillantes, le menton carré. La petite

374 2585 2307 74 vérole a grêlé imperceptiblement sa peau mate. Il porte le pantalon d’un

369 2673 1821 74 complet crème et une chemise blanche où manque la cravate.

482 2794 2199 74 Il fait quelques pas, les pouces dans les passants de la ceinture de son

369 2884 2310 83 pantalon absente, repère une bouse de vache et, dans la bouse, un scarabée

367 2972 2309 86 noir. Son sourire s’élargit. Il se débraguette, sort sa verge qui est de belle

372 3064 455 84 taille, et pisse.

479 3179 2197 79 Le scarabée se débat sous les trombes qui s’abattent sur lui, creusant dans

369 3269 2312 90 la bouse un véritable petit lac. Chtouki regarde Saïd, une expression

367 3361 2305 86 carnassière sur le visage. Viennent les dernières gouttes. Saïd se rebraguette,
