3060 3960
479 363 2197 74 Le prêtre ne l’écoute pas. Il suit des yeux l’Alouctte qui décrit des cercles

369 451 2312 74 autour de la colonne de fumée, puis s’élève dans le ciel et disparaît

369 543 1883 75 rapidement. Mistigri n’a rien remarqué. Il continue à vaticiner:

484 662 2197 75 — Les gendarmes! A croire sans mentir qu' t’es pas d’la race! Qu’elle est

372 754 2291 79 vraiment perdue la race d’ ces Auvergnats qui savaient crocher dans l'

372 842 2084 84 morceau et avoir encore l’œil et la dent prête à c' qui pourrait venir...

484 961 2190 88 — J' suis un prêtre, Michel. Et puis, les temps ont changé. On ne peut plus

374 1053 883 73 se rendre justice soi- même.

477 1170 2199 79 La voix toujours basse et comme qui dirait ecclésiastique de son frère, ça

372 1260 1778 77 l’agace, le Mistigri, et il le dit, qu’il va se mettre en colère:

479 1383 2197 84 — Tu vas me foutre en rogne, toi !... Quand c’est des Bougnoules qui te

372 1471 1543 82 goinfrent ton bien, et avec tes femmes, qui plus est!

479 1590 2200 79 Un arriéré vient s’arrêter devant eux, face ronde à peau luisante, yeux un

369 1698 1799 62 rien ahuris, bouche entrouverte, un vrai pitaud de campagne.

479 1799 1002 77 Le vieux regarde l’abbé et hurle:

495 1920 2184 86 — Y a pas à parler à voix de confesse. Des Bougnoules, des merdeux

372 2010 1659 88 pareils, ça se crève! Parfaitement, on leur fait la peau!

482 2129 1329 84 — Pan! Pan! Pan! On va te crever, salaud!

479 2250 2193 88 Un essaim de galopins les entourent, brandissant des fusils et des

369 2343 1717 74 mitraillettes en bois. Ils poursuivent le benêt en gueulant:

482 2464 596 72 Clairon, trompette,

482 2580 581 90 Qui chie, qui pète,

479 2699 575 92 Qui prend son cul

479 2827 676 68 Pour une trompette...

479 2943 2200 75 A mesure qu’ils s’éloignent, un bourdonnement encore lointain surgit de

369 3031 2307 77 leur braillement, un bourdonnement qui s’amplifie rapidement. Plusieurs

376 3124 2305 72 voitures ou camions s’approchent. Des montées et des chutes de bruit

372 3214 929 72 épousent les lacets de la route.

486 3330 2190 77 Tout le monde s’est précipité vers le parapet qui domine la vallée. Les

372 3421 2302 79 forains eux-mêmes ont abandonné leur travail. Le prêtre en profite pour

369 3515 1033 75 couper court aux cris de son frère.
