3060 3960
479 365 2195 72 Derrière lui, les sonnailles et les mugissements de ses vaches, remontées

372 451 2296 90 par une coursière, qui le narguent; en face de lui, les toits des Martres —

376 539 431 79 Sainte-Marie.

482 662 2194 75 Le soleil n’est pas encore bien haut dans le ciel. Il frappe en oblique les

372 756 2304 71 dalles de lause qui recouvrent les maisons. Les monstrueuses carapaces

374 840 2302 88 grises brillent, tassées en désordre dans une petite combe. Les bords

369 928 2305 90 ébréchés du haut-plateau protègent le village contre les vents du nord. Les

374 1025 1974 75 sources y ruissellent, les martres, qui ont donné le nom à l’endroit.

484 1141 2192 77 Devant l’église s’étend une place gazonnée, le coudert, borné à l’est par

372 1232 2304 74 un parapet qui domine une vallée enfoncée et descend jusqu’au débit de

369 1322 2305 77 boissons. C’est une demeure carrée, en pierre de lave, semblable aux autres.

372 1412 2307 75 Un petit panonceau de tôle informe le passant que l’établissement, Licence

372 1500 2307 75 IV a le droit de vendre des boissons alcoolisées. Une vieille plaque

369 1588 2307 90 publicitaire Touillée, Y’a Bon Banania, indique que la buvette est aussi une

369 1683 2312 74 épicerie. L’entrée, aveuglée par un rideau de perles à l’ancienne, est

369 1771 1295 83 ombragée par une vigne taillée en tonnelle.

479 1898 2197 71 Le tenancier, qui est cantonnier de son état et barbier d’occasion, a sorti à

372 1982 2307 75 l’extérieur un vieux fauteuil et un fragment de glace brisée. Il a installé le

369 2070 2312 75 miroir en équilibre sur le parapet et placé le fauteuil devant. Le dimanche est

376 2167 1900 72 l’occasion, pendant la messe, pour les paysans de se faire raser.

482 2283 2194 73 Pendant que le barbier savonne le menton d’un client, deux vieilles

372 2373 2300 84 femmes sortent de l’église, une petite ronde, toute cassée, genre poule grise,

369 2464 2305 74 et une autre, toute grande, toute droite, toute noire : deux bonnes langues qui

369 2552 2307 74 s’arrêtent sous le porche — de celles dont on dit que deux femmes et une

369 2644 2305 73 chèvre noire suffisent à tenir la foire. La chèvre les rejoint bientôt.

369 2730 2305 77 Ensemble, pendant que les fidèles continuent à sortir de l’église, elles

372 2822 2307 75 regardent dans la direction de la ferme de Mistigri. Vers l’ouest, dans la

369 2912 2307 77 montagne, une colonne de fumée épaisse monte très haut dans le ciel encore

376 3003 859 74 voilé par la brume matinale.

484 3121 2195 77 La chèvre est la première à se désintéresser de la chose. Elle commence

369 3212 2310 85 à lorgner, puis flairer le cabas en tapisserie de la grande chabraque. Quand

367 3302 2314 86 elle y fourre le museau, d’un coup de parapluie, on la chasse: on voit bien

369 3392 2310 86 qu’elle n’est pas du pays cette bique-là... A petits pas comptés, les vieilles la

372 3484 2304 75 regardent qui se dirige vers un vieux camion à chaînes et à bandages. Le
