3060 3960
367 363 2301 74 qu’il a devant lui à boire à suffisance; parce qu’il est satisfait de cette sim¬

369 453 1645 86 plesse morale de l’aubergiste qui attend, le rasoir levé.

479 572 2197 74 Il s’esclaffe si fort qu’il lâche un pet. Du coup son rire recommence de

369 660 1491 88 plus belle, et il repète un grand coup, joie simple.

479 783 2195 75 — Vau mai petar en companhiâ que crebar soi, dit-il quand il a réussi à

372 873 684 86 apaiser cette rigolade.

482 992 2190 81 Le cabaretier approuve. Les clients qui attendent, un verre à la main,

374 1097 1501 60 approuvent aussi. L’aubergiste se remet au travail.

477 1203 2204 77 Des coups de marteau résonnent tout près. Dans la grange mitoyenne, on

372 1293 2307 75 achève de confectionner le cercueil. Il est en sapin. L’odeur du goudron que

369 1381 2312 77 l’on fait chauffer dans un grand chaudron monte aux narines. C’est la soupe du

369 1476 2312 79 mort, comme on dit. Le corps est exposé sur des tréteaux. Les filles du

374 1564 2305 83 village ont apporté des fleurs. Leur parfum n’a pas réussi à vaincre la

369 1652 348 83 pestilence.

482 1773 2201 75 Au moment où les cloches de l’église se mettent à sonner, le Tonton

372 1876 2307 73 apparaît. Sa négresse l’accompagne. Les gens qui sortaient sur le pas de leur

367 1949 2309 99 porte s’immobilisent. Le barbier s’arrête, le rasoir levé. Son client s’essuie le

376 2046 2116 72 visage dans la grande serviette qui protège son costume noir et se lève.

482 2162 2192 84 Sans un mot, le Tonton se dirige vers la grange. La négresse le suit,

369 2255 2305 72 drapée dans une sorte de robe longue aussi noire que son visage. Ses

367 2343 2307 77 cheveux sont cachés dans un madras bleu nuit. Ils pénètrent dans la grange.

372 2433 2307 75 Alors, les autres forment cortège derrière, comme une glu, piétinant la

369 2519 1918 90 poussière, se rappelant que le Tonton était le seul ami du défunt.

486 2642 2193 75 Tout le village est dans la grange quand le curé arrive. Deux enfants de

367 2730 2309 77 chœur l’encadrent, en robe noire sous le surplis blanc. Le regard de l’abbé

367 2822 2312 82 rencontre celui de la négresse, puis celui, narquois, du Tonton. Il détourne la

374 2915 2302 72 tête. Une grande lassitude se porte sur son visage. Mais, courageusement, il

372 3000 2307 80 se force à affronter le regard de Mistigri qui vient d’arriver, puis celui du

380 3093 1500 75 Tonton. Ensuite, il fait face au cercueil et se signe.

482 3212 1787 74 L’assistance se signe. Ses frères n’ont pas bougé. Il attaque:

482 3333 2190 81 — Tu es poussière et tu retourneras en poussière! Je mourrai! Nous

372 3440 726 75 mourrons! Il est mort...
