3060 3960
369 453 2312 77 coquettement habillée et maquillée. La demoiselle rougit, se tortille, ne sait

479 365 2197 83 Il désigne le cadavre, puis pointe son doigt sur une jeune paysanne

372 541 565 86 plus où se fourrer.

482 662 1296 83 — Tu mourras !... Oui, toi ! clame le prêtre.

479 781 2197 79 La jeune fille recule, se dissimule derrière sa sœur jumelle dont la mise

372 875 534 73 est plus modeste.

482 992 2192 75 — Tu vas mourir... Ton âme va quitter ton corps. Maintenant ce corps

369 1084 2307 73 sera un objet importun dont tes parents eux-mêmes ne chercheront qu’à se

367 1172 2309 84 débarrasser, un cadavre infect capable de tout empoisonner si on ne

372 1265 2304 72 l’enfouissait en terre; on l’enfouira donc, et là que deviendra ce corps qui

372 1355 2307 72 t’occupe tant? que deviendront tes pieds, tes mains, ta jolie tête? Quelle

369 1441 2312 77 insensée tu fais de t’occuper tellement, de tant flatter et parer ce qui bientôt

369 1535 2307 73 ne sera plus que pourriture et cendre! que tu es insensée d’exposer pour ce

369 1623 1555 75 corps et ses sales jouissances ton âme, ton éternité!

479 1735 2197 84 L’envolée de l’abbé est cassée net par un grand cri. La demoiselle visée

367 1830 2314 88 par le prêtre, aidée par l’odeur immonde qui régnait dans la grange, avait

369 1918 2305 90 plongé à corps perdu dans sa fable. Quand son désarroi fut à son comble, ses

369 2010 2279 80 nerfs à bout, la pauvrette poussa ce cri qui fit s’arrêter l’abbé,, et s’é.vanouit.

479 2131 2195 84 Elle est l’une des trois filles que Mistigri a eues après son aîné Eugène,

367 2222 2309 74 deuxième du nom. Elle s’appelle Jeanne; elle a seize ans, rend les garçons

374 2314 2302 75 fous, et n’a cependant d’autre idée, face au vieux maître de la ferme, que celle

372 2404 636 75 d’infinie soumission.

482 2519 2199 81 Après qu’on ait emportée la Jeanne, le prêtre parcourt l’assemblée d’un

367 2607 2314 83 regard justicier. Enhardi par l’effet de sa redoutable tirade, il ose s’en

367 2701 1328 84 prendre cette fois directement au patriarche.

479 2820 2200 75 — Qui, nous mourrons... Et toi aussi tu mourras! A la minute, à l’heure où

369 2917 2307 70 tu t’y attendras le moins, tu quitteras tout, tout sans exception. Tu quitteras ta

369 3000 2310 77 femme, ton fils, tes filles; tu leur diras un éternel adieu... Tu quitteras ta

372 3097 2304 79 maison, tes meubles, tes terres, tout ce qui t’appartient, tu laisseras

372 3183 2309 75 absolument tout... Quelles sont les choses auxquelles tu tiens le plus?... Ton

369 3273 2310 88 orgueil?... Tu le quitteras comme tout le reste, et ton âme ira comparaître au

372 3361 1470 79 tribunal de Dieu! Seulement, là, il sera trop tard.
