3060 3960
374 466 372 73 se moquent.

482 367 2197 73 Le hululement de la chouette se fait plus proche. Jeanne sourit. Ses yeux

488 574 2191 83 — C’est justement pour ça que je me suis faite belle. Pour lui dire au

369 662 588 72 revoir, au Fernand.

477 778 2202 80 On entend de nouveau le hululement, par trois fois. Vite, Jeanne dénoue

372 869 2309 79 son tablier pour se rendre à l’appel. Pensif, Mistigri la regarde sortir, roulant

372 963 2309 75 des hanches avec une tranquille impudeur. Puis il plonge la cuiller dans son

372 1051 2307 77 assiette, le visage impassible; mais en son for intérieur, il a déjà décidé de

372 1141 898 86 congédier les quatre hommes.

477 1260 2199 77 A l’angle d’une barrière, le gros Fernand a appuyé son cyclomoteur. Il

372 1350 2302 80 l’appelle avec fierté sa moto. C’est une petite machine bruyante et chromée.

372 1438 2311 80 Sur la partie arrière de la selle double est ficelée une cantine d’aluminium

372 1544 2304 64 flambant neuf. Après un dernier regard vers son engin, Fernand se détourne.

372 1623 2304 75 Il a cet air de malice du farceur du village qui prépare sa grosse tromperie.

372 1713 2307 75 Un sourire sans trop de finesse, vaguement matois, étire sa face niquedouille

369 1801 2307 77 et fait luire ses yeux, fl escalade un muret éboulé, disparaît derrière une

369 1894 203 68 ruine.

479 2008 2200 79 Jeanne arrive. Elle voit la machine qui brille au soleil levant et cherche

369 2101 2305 77 des yeux son promis. Elle ne pense pas à une balourdise. Si elle ne fait pas

372 2189 2309 88 grand effort, c’est qu’elle n’a pas grande envie de trouver le benêt, quand bien

369 2279 2307 79 même ce serait pour lui dire adieu à tout jamais; d’ailleurs, elle a bien failli

372 2376 2307 72 descendre en souillon; mais à cause des étrangers, par amour-propre, elle a

369 2461 2307 88 pris soin de sa personne et de sa parure; et comme il fallait donner le change

369 2549 2307 80 au vieux, elle a laissé entendre que c’était pour le Fernand qu’elle s’était faite

372 2635 198 77 belle.

482 2758 2194 80 Mais pas de Fernand. Bon Dieu, se dit-elle, si i' pouvaient t' lui casser sa

369 2849 2307 92 pipe, à ce nignorle! si i' pouvaient te l’expédier une bonne fois! et à — Dieu-

374 2941 2305 86 va! on n’en parle plus... Elle soupire, entend un léger sifflement, scrute

374 3033 2302 75 l’espace devant elle. Elle s’attend plus ou moins à voir surgir son fiancé des

372 3124 2307 74 ruines d’une ancienne bergerie qui se trouve de l’autre côté de la barrière: ça

372 3212 2309 74 serait bien dans ses façons moutonnières et sans malice qu’il a, quand il veut

374 3304 1105 73 imiter les malins qui font des niches.

479 3418 2197 80 Le sifflement a cessé. De nouveau, Jeanne l’entend. Cette fois, elle a

374 3513 2302 77 l’impression que le balourd est derrière elle. Elle se retourne vivement. Le
