3060 3960
367 360 2309 77 coucha sur elle comme s’il allait lui faire l’amour, et il l’embrassa. Elle

372 455 2304 73 bougea un peu, se sentit forte d’avoir des hanches et une croupe si belles.

372 543 2311 75 Elle se colla davantage à lui qui laissa davantage aller son corps. Il sentait

369 633 2314 73 monter sa chaleur et son odeur en lui, s’émouvait, fonçait vers un nouveau

372 719 2307 81 baiser. Mais elle, de ses deux mains à plat sur les oreilles, elle lui reculait la

374 811 640 77 tête et le considérait.

484 930 673 84 — T’es beau, tu sais...

482 1053 1600 77 Il souriait, essayait de se rapprocher; elle le retenait.

482 1170 422 81 — Même si...

479 1282 408 84 Elle hésitait.

479 1412 877 81 — ... même si t' es un Nègre.

482 1529 2199 85 « Et tu peux t' le permettre», ajoutait-elle en elle-même. Le Barbeau

367 1619 2309 92 n’avait pas de préjugés et il y avait longtemps qu’il avait appris à

369 1713 2310 75 comprendre les causes de ceux des autres. Il approcha sa bouche de l’oreille

369 1801 456 86 de Marguerite.

499 1918 2166 88 — Si toutes les filles d’ la montagne font l’amour aussi bien qu' toi, j'

369 2013 1971 77 crois bien qu' j' vais rester dans c’te montagne toute ma foutue vie.

482 2129 1213 86 Elle ouvrit les yeux qu’elle avait fermés.

484 2252 676 84 — Pourquoi tu dis ça?

479 2371 397 82 — Pour rien.

479 2490 2164 79 Avec son souffle, il s’amusait à faire voltiger les cheveux de Marguerite.

486 2611 412 86 — Pourquoi?

482 2732 746 84 — Une idée comme ça...

486 2849 696 88 — Ça t' dirait d’rester?

486 2970 1239 88 — Et toi, t’as pensé à c' que t’allais faire?

488 3095 621 81 — J' comprends pas.

484 3209 955 86 — L vieux, c’est bien ton mari?

482 3330 231 82 — Oui.

486 3451 1653 88 — Alors, comment qu' tu crois qu’il va prendre tout ça?
