3060 3960
372 453 2307 75 Ramos décida de rester pour la garder. Les autres partirent vers la ferme de

479 363 2189 77 Aux dires de la patronne, la route n’était pas praticable en voiture:

372 543 2304 75 Mistigri sous un ciel de plomb. Le tonnerre roulait encore tout près, mais

372 629 2304 79 l’orage semblait s’être écarté. Ramos s’installa sur la banquette arrière, sa

369 723 1506 75 chatte pelotonnée contre lui, et il continua à boire.

479 847 2200 70 Ils avaient marché d’un pas tranquille et l’après- midi était déjà avancé

369 930 2312 79 quand les trois hommes arrivèrent à la bastide de la Croix-Morant. Chemin

369 1020 2310 77 faisant, Chtouki s’était rempli les poches de chanterelles; il avait éprouvé

369 1108 2314 77 aussi les possibilités du ruisseau; de ce côté-là, il était rassuré : il y avait

369 1199 2312 81 des truites et des écrevisses. Décidément, c’était un endroit rêvé, c’était bien

372 1287 2307 83 ici qu’il fallait s’arrêter... Saïd ne disait rien, il laissait Chtouki faire du

374 1381 2302 77 vent; quant au Barbeau, il venait d’être piqué par un taon, et il regardait le

380 1474 762 74 Tunisien d’un air morose.

484 1590 2192 77 Telle qu’elle leur apparut sous un ciel d’encre, à un coude du chemin, la

369 1678 2307 82 ferme de Mistigri était semblable à une forteresse. Grise, basse, boueuse, sa

367 1771 2314 85 richesse baignait dans la crasse. Sa façade principale était flanquée de deux

372 1863 2307 84 grosses tours carrées dont les bases s’appuyaient sur un ressaut de basalte

369 1951 2312 77 noyé dans les fougères. Les hommes franchirent un porche en ogive et

369 2039 1964 88 pénétrèrent dans la cour. Tout était sombre, silencieux et paisible.

484 2164 2190 80 Les hommes continuèrent d’avancer. Deux énormes chiens bruns,

369 2252 2305 77 l’encolure puissante, couverts d’une épaisse toison comme ils en ont dans les

367 2345 2307 79 montagnes, des demi-fauves, se précipitèrent sur eux, la gueule ouverte,

369 2435 2310 79 bavant et grondant. Un grand chien jaune à l’allure bizarre vint se joindre à

369 2521 2312 77 eux ; tournant sur lui-même et cabriolant, il paracheva en folâtrant

374 2615 832 73 l’encadrement des hommes.

482 2728 2192 79 Sans mot dire, Mistigri les regardait progresser. Il avait quitté ses habits

372 2824 2304 73 de cérémonie. Du coup, il paraissait sans âge, et ce qu’il était. Colosse

369 2912 2310 77 chafouin et malpropre, serré dans des vêtements de grosse toile noire, un

369 3000 2305 77 béret verdâtre sur la tête, appuyé sur son bâton de houx, il fixait sur les

372 3108 1367 71 arrivants un regard rougi par la conjonctivite.

482 3209 2197 80 Saïd marchait un peu en avant des deux autres. Dans ces cas-là, c’était

372 3302 821 86 souvent lui le porte-parole.

486 3421 647 85 — Bonsoir, monsieur.
