3060 3960
482 367 1988 79 — On peut pas savoir avec ces nuages qui tournent à vous étourdir.

479 479 2200 79 Saïd regarde les éclairs de plus en plus nombreux qui sillonnent un ciel

367 569 2309 77 d’encre. Le petit bout de femme blanchaille et pointu dévisage calmement les

369 662 2305 77 quatre hommes, passant lentement de l’un à l’autre, sans impertinence ni

369 754 2314 75 réserve, mais avec cet air trop grand de musardise qui dit son éveil. Le chien

372 844 2304 73 rouge a reparu avec elle. Il s’enhardit et vient tourner autour de la table. Les

369 930 1803 88 poils de la chatte se hérissent. La patronne appelle le chien:

477 1049 348 86 — Martin!

475 1172 2199 77 L’animal file, la queue entre les jambes. Au passage, l’aubergiste lui

369 1265 2307 79 décoche un coup de torchon. Puis elle regarde Saïd qui lui a, le premier,

372 1355 568 72 adressé la parole:

508 1469 2173 88 —Ç’a été? Vous désirez encore quelque chose? J’ai un bon petit

369 1562 337 81 chévreton.

484 1683 506 83 — Ça ira, merci.

477 1801 1579 84 — On voudrait encore un peu de vin, déclare Ramos.

493 1922 2183 86 — Oui, un peu de vin, ça nous ferait pas d’mal par le fait, déclare

367 2006 280 88 Chtouki.

479 2131 995 88 — Gilberte! appelle la patronne.

479 2250 2195 77 La grosse fille reparaît, à demi dissimulée par le rideau de perles.

369 2340 2307 84 L’aubergiste évalue rapidement les capacités biberonnières des quatre

369 2431 1449 77 hommes et l’alignement de bouteilles déjà vides.

479 2549 1081 86 — Doas, non très chopines, dit-elle.

479 2673 1147 74 Gilberte disparaît. La patronne sourit.

482 2791 2093 84 — Alors, comme ça, vous êtes en vacances? demande-t-elle poliment.

482 2910 1360 90 — Oui, répond Saïd, on prend quelques jours.

484 3033 717 88 — Et le pays vous plaît.

482 3150 768 79 Le Barbeau fait un effort.

482 3269 759 88 — Oui, ç’a l’air reposant.

479 3390 800 83 — Pour ça, dit la femme...

484 3509 1378 85 — Il y a eu un enterrement? demande Chtouki.
