3060 3960
372 376 2309 64 masse qu’il a amenée à tout hasard, pressentant la bagarre. Ses yeux tombent

369 451 2307 77 sur la serpe abandonnée dans la boue. Il la ramasse de sa main libre, éclate

369 541 2307 77 de rire. Toujours riant, il brandit la masse et cette manière de faucille sur le

376 633 1746 75 fond rouge du torse du nègre et braille entre deux hoquets:

482 748 2188 88 — Y a pas, entr' F noir et F rouge, j' préfère F noir. J’aurais rien contre F

369 842 1103 84 rouge s’i' y avait pas tous ces outils!

482 961 2199 77 Ensuite, il laisse tomber les deux instruments dans la gadoue. Le splatch

374 1058 2300 77 les asperge tous, au moment où surviennent les autres habitants de la ferme,

372 1139 2302 82 Eugène excepté. Le garçon est déjà parti en mobylette rejoindre les conscrits

374 1232 469 74 à l’arrêt du car.

486 1348 2190 79 Tandis que Fernand revient à lui et s’ébroue, le vieux ordonne à ses filles

369 1441 2307 77 de rentrer avec lui. Sa femme, Marguerite, reste la dernière. Elle regarde le

372 1531 2302 86 gros garçon se diriger vers sa moto. Elle ne l’aime pas, le Fernand, et, en le

374 1623 2118 75 suivant des yeux, elle est prise d’un grand rire silencieux qui la secoue.

479 1742 2195 75 — Elhs pus fins, las bralhas tombon, murmure –t-elle. Aux plus fins, les

367 1832 632 82 pantalons tombent...

479 1949 2202 90 Le Fernand, pourtant, n’est pas des plus fins, mais son pantalon trempé et

372 2043 2304 73 boueux, privé de ses bretelles, glisse et tirebouchonne sur ses jambes. Il

374 2134 2305 74 s’empêtre dedans, le remonte. Il continue d’avancer en le tenant maintenu à

372 2224 2304 72 deux mains. Et la chose se reproduit plusieurs fois, lui laissant échapper ses

372 2312 2302 77 braies, les rattrapant, les relevant, les laissant s’échapper de nouveau, tandis

369 2402 1601 77 qu’il progresse, trébuchant et patouillant dans la cour.

479 2523 2195 81 Pendant que dehors la Marguerite n’arrivait plus à retenir son rire,

374 2611 2307 77 Mistigri faisait rentrer ses filles en les rudoyant. Il leur désigna le banc. Au

369 2701 2307 77 moment où la Jeanne allait s’asseoir avec les deux autres, il la retint par le

369 2789 2305 82 bras. Elle demeura immobile, debout à côté de lui. Le vieux était hors de lui,

367 2882 2312 77 mais il avait réussi à se maîtriser et, tandis qu’il regardait Jeanne, ses yeux

369 2974 579 81 n’exprimaient rien.

484 3093 1246 83 — Qu’est-ce que t’as fricoté avec le gars?

482 3209 1098 84 — J’ai rien fricoté du tout, justement.

484 3330 1367 77 Elle répondait d’une voix calme, la tête haute.

490 3454 2112 77 — Je parle pas du Fernand, je parle de l’autre. Jeanne resta silencieuse.
