3060 3960
479 363 1108 74 Le député s’adresse au commandant:

486 479 328 86 — Ça ira?

482 600 1688 86 — On va y installer notre Q.G., répond le commandant...

482 721 640 77 Et, regardant Boyer:

484 844 2192 71 — Vous allez nous raconter tout ce que vous savez de cette histoire de

374 932 385 84 Bougnoules.

475 1047 2201 79 Il fait chaud. Dans la salle de l’école traîne une fraîcheur qui sent le

369 1139 1625 93 pissat de chat. Un papillon blanc voltige dans l’ombre.

479 1267 1128 79 — Je vous remercie, monsieur Boyer.

479 1379 2197 79 Le député cesse de griffonner. Il repousse son bloc-notes. Le papillon se

369 1471 2307 88 pose dessus, repart. D’un coup sec du plat de la main, le commandant arrête

369 1559 2307 84 ce papillotage qui l’éblouit. Le député le regarde, puis regarde le lieutenant,

372 1650 2304 77 l’air de dire ; pas d’autre question à poser? Les officiers n’en ont pas. Ils se

369 1742 2310 75 dévisagent et secouent la tête. Il y a un silence. Le commandant roule entre

372 1832 2309 75 ses deux paumes ce qui reste de l’insecte. Les autres l’observent. Ils peuvent

372 1925 2304 74 entendre, affaiblis par l’épaisseur des murs les coups de marteau des hommes

372 2015 933 72 qui montent le plancher du bal.

482 2131 2194 86 L’aubergiste se dirige vers la porte. La main sur la poignée, il se

367 2226 289 68 retourne.

479 2338 2202 88 — Vous voulez mon avis, dit-il. Sur cette famille, ya un signe... Le cadet

369 2428 2312 80 qui se fait curé, l’autre qui fait la chiourme, le père qu’était barreur de lait

369 2519 2307 90 jadis... De colhonadas je dis. Bien sûr qu’on ne croit plus à toutes ces

372 2613 2302 84 histoires d’envoûtement aujourd’hui. Des balivernes je dis, mais

372 2703 405 75 n’empêche...

479 2820 2158 84 - Qui fait la chiourme? interroge le commandant. Mais attendez, restez.

482 2943 1268 84 Boyer revient vers la table à pas comptés.

482 3062 1897 86 — Oui, qui a fait la chiourme, qui est allé forçat à Cayenne quoi.

477 3181 2202 77 Il se tait, fixe au-dessus de la carte de France muette une vieille pancarte

372 3271 2307 90 tavelée de chiures de mouches sur laquelle on peut lire en lettres bien

369 3363 300 75 moulées:

988 3471 1072 88 IL EST DÉFENDU DE CRACHER
