3060 3960
369 453 282 83 trop fier.

484 360 2197 88 — En tout cas, c’est sûrement pas F Mistigri qu’a porté plainte. L’est bien

482 572 2199 85 — Moi, j' vous F dis, qu' c’est seulement rapport à c’t' histoire d’avion

372 662 473 83 qu’i' sont v’nus.

484 778 2184 91 — Mon vieux alors, si y a qu' l’avion, F s’y prennent drôlement...

372 869 1653 79 Pourquoi qu’i' traînent tellement à y aller voir d’abord?

484 992 1063 83 — Y a déjà eu ces deux patrouilles.

486 1113 2186 75 — Qué. Y en a une qu’est partie sur la jasserie au bagnard, et l’autre vers

372 1196 526 80 la Croix-Morant.

482 1317 1391 86 — C’est pas tout à fait la direction d’l’accident.

482 1438 1235 86 — Y a aussi eu c’t' hélicoptère t’à l’heure.

479 1559 2030 84 — L'est bien passé au-dessus de la fumée, mais l’est reparti aussitôt.

482 1685 2199 75 — M’est avis qu’i' savent c' qu’i' doivent trouver, sinon i’s' presseraient un

369 1775 465 84 peu davantage.

479 1892 2202 85 — T'nez, r’gardez, au lieu d’jaspiner. Vià qu' tous les gendarmes s’en vont

372 1984 323 84 d’un coup.

479 2101 2202 77 Une colonne vient de se former et de s’ébranler. Elle grimpe vers le haut

369 2193 2310 75 du village et se dirige vers le panache de fumée. Quelques hommes de garde

369 2281 2305 81 sont restés auprès du car. Le lieutenant leur donne ses dernières instructions,

369 2367 2310 94 puis il griffonne quelque chose sur son agenda. Il arrache la feuille, la tend à

369 2464 2305 74 un gendarme et part au pas de gymnastique prendre la tête de la colonne.

369 2549 2305 82 Juste derrière lui marche un radio qui porte harnaché sur son dos un walkie¬

369 2635 214 77 talkie.

477 2761 2202 77 Le gendarme porteur du message traverse la place en direction de

369 2851 2312 79 l’école. Une grappe d’enfants se précipite sur lui, bousculant en son mitan

372 2939 530 79 l’idiot du village.

479 3060 2202 77 — Ecoutez, m’sieur. Ecoutez l’ Clairon... Vià qu' quand i' s' gonfle, i' peut

367 3150 1797 90 jouer tout seul la Marseillaise! Allez, vas-y, Clairon, joue!

482 3267 2192 85 Très fier, l’idiot s’installe en posture de défécation. Il s’enfle, se gonfle;

369 3363 2305 86 puis se dégonflant, il émet quelque chose qui ressemble à de la musique. Les

369 3449 731 82 enfants braillent de rire.
