3060 3960
369 451 2312 83 Eugène est attendri. Il éprouve soudain un peu d’affection pour Mistigri, bien

477 365 2197 72 Le vieux lui tape sur l’épaule. Un geste amical comme il n’en a jamais eu.

372 543 2309 75 que celui-ci l’ait rembarré brutalement tout à l’heure, quand Eugène a voulu

369 629 2307 79 lui parler des étrangers. Mais c’était bien normal de la part du vieux: il n’a

367 719 1671 88 jamais toléré la discussion. Du coup, Eugène s’enhardit.

484 842 2188 75 — Combien de temps qu’ils vont rester là, vos Bougnoules? demande-t-

374 924 83 83 il.

482 1047 799 88 — Qui c’est le Maître ici?

479 1172 1907 82 — Je demande seulement combien de temps qu’ils vont rester là.

482 1293 1014 84 — Le temps que j’en aurai besoin.

484 1410 2188 83 — C’est pas des choses à faire. C’est du monde qu’on connaît pas. J' suis

376 1518 1305 59 sûr que vous leur avez même rien demandé.

482 1619 1283 88 — Et à toi, je t’ai demandé quelque chose?

479 1738 2197 81 Le ton est sans appel. Le fils se tait. Le père s’assied en face de l’assiette

369 1830 2312 88 de soupe que Marguerite vient de déposer sur la table. Il y vide le quart

369 1920 2307 77 d’une chopine de vin. Pour Mistigri, le chabrot du matin est très important : il

369 2013 2305 74 est indispensable pour suivre le verre de gnôle qu’il s’envoie à jeun en se

372 2105 222 68 levant.

479 2222 2043 74 Eugène boucle sa valise. Il regarde son père, se reproche sa lâcheté.

482 2345 2190 81 — C’est des sauvages. Pour un pet de travers, ils sortent leur couteau.

378 2431 1336 77 Tiens, ils ont déjà bien arrangé le Fernand...

477 2549 2197 80 Le nez dans l’assiette, Mistigri continue de laper sa soupe sans répondre.

369 2640 2307 77 Insolite à cette heure, on entend alors le hululement d’une chouette. Eugène

369 2730 2307 88 pose sa valise à terre et s’assied sur le banc. Marguerite pose devant lui une

369 2827 2305 72 assiette de soupe, mais Eugène ne mange pas. La présence des étrangers ici

369 2912 1795 77 est intolérable, et il ne sait comment en convaincre le vieux.

479 3029 2197 79 Les filles descendent l’escalier qui monte aux chambres. Elles ont mis

372 3126 2302 72 leurs meilleurs vêtements, et Eugène remarque qu’elles paraissent plus

374 3212 739 85 soignées que d’habitude.

482 3339 2192 68 — Regardez vos filles tout à l’heure, regardez la Jeanne !... Si c’est pas

369 3421 1326 79 malheureux, le jour où le Fernand va partir!
