3060 3960
369 367 2310 70 Fernand vient d’apparaître au coin d’un mur éboulé. Il marche vers elle à

376 455 2305 81 grandes enjambées. C’est pour elle une vision un peu terrifiante, tant est

372 543 2304 75 imposante sa masse à contre-jour sur fond de soleil levant. Elle recule

372 633 590 84 imperceptiblement.

479 750 2197 77 Sur l’air de la Youyette, il fredonne la Jeannette, pour se moquer de

372 836 279 92 Mistigri.

479 961 2197 77 Mais la Jeannette, elle est encore trop jeune, Mais la Jeannette, elle

372 1071 675 68 est encore trop jeune,

479 1168 1387 79 Et, brusquement, il braille, d’une voix avinée:

479 1291 881 75 Faites l’amour en attendant

479 1410 1110 88 Que la Jeannette elle ait vingt ans!

479 1529 800 79 Ensuite il se tait et ricane.

482 1652 2194 75 Un instant immobile, près de la clôture, Jeanne ne sait plus que faire. A

369 1742 2307 77 quelques mètres d’elle, le Fernand vient de pisser en toute impudeur. Il a

372 1830 2304 86 gardé sa braguette ouverte. Jeanne étreint la barrière qu’elle sent derrière

367 1922 2309 84 elle. A sa gauche, il y a un bosquet impénétrable; à sa droite, un tas de

369 2008 2307 93 pierraille. Elle n’a pas le temps de s’enfuir. Le Fernand, porté par ses jambes

372 2105 1272 73 qui paraissent immenses, déboule sur elle.

479 2222 2200 74 A moins de deux mètres, il s’arrête. Les veux de Jeanne s’agrandissent, sa

369 2312 2310 81 bouche s’entrouvre, prête à laisser passer un cri. Fernand sourit. C’est d’un

369 2402 903 84 pas plus lourd qu’il approche.

482 2523 711 81 — Au revoir, Jeannette.

477 2640 2182 81 Il est arrivé près d’elle. Il demeure immobile et la regarde d’un air grave.

482 2761 581 74 — Adieu, Fernand.

477 2879 2197 80 Elle sent que sa voix se brise. C’est à peine si le Fernand a dû l’entendre.

372 2972 2304 75 En tout cas, il est bien trop ivre pour s’apercevoir de quoi que ce soit. Elle

372 3062 2304 75 fait un léger mouvement pour se déplacer, mais elle demeure, incapable de

372 3150 2307 86 s’en aller. Campé devant elle, oscillant sur ses jambes, le lourdaud la

367 3245 2309 92 regarde, vaguement ironique. Après un silence qui s’est prolongé, le voici

372 3337 464 81 qui chantonne:

484 3451 999 84 — Faites l’amour en attendant...
