3060 3960
486 360 1662 84 — Allez, dit-il, j’ai ma messe à Albepierre à dix heures.

482 477 2199 79 Il tend la clé de l’église à l’aubergiste et s’installe dans la 2 CV. Au

369 572 2305 81 moment où il démarre, Mistigri veut se mettre en travers, mais l’aubergiste,

369 662 2312 77 qui a gardé son blaireau à la main, le prend fermement par le coude et le fait

372 752 2304 75 s’asseoir sous la tonnelle. Il le calme en lui parlant doucement à l’oreille

372 847 592 70 comme à un enfant.

482 963 2199 84 Un orage a emporté le pont en dos d’âne qui enjambait le ruisseau en

369 1051 2305 84 contrebas du village et, par manque de crédits celui-ci n’a jamais été refait.

369 1139 2307 79 Quelques instants après avoir quitté l’esplanade, le ruisseau franchi, l’abbé

369 1232 2307 74 Charvaysse croise un command-car bourré d’officiers de la Gendarmerie

372 1324 2304 81 Mobile. Il se retourne pour le voir passer brutalement le gué dont les

372 1414 2309 75 dernières pluies ont grossi les eaux. De grandes gerbes empanachent le lourd

372 1498 2302 79 véhicule carré. Quand il regarde de nouveau devant lui, lè curé des Martres-

372 1592 2304 75 Sainte-Marie doit faire face à trois gros cars qui dévalent la mauvaise route

372 1683 2146 77 à vive allure. En croisant la 2 CV, ceux-ci manquent l’expédier au ravin.

482 1801 2194 77 Un mois avant ces événements, à la mi-août, à travers l’écran de ronces

367 1892 2314 77 et de pierraille qui entourait sa cache, un grand flandrin, sec comme un

369 1982 2312 88 échalas, noiraud et jaune de teint jusque dans le blanc des yeux, regardait un

374 2074 1270 77 geai criard piquer entre roc et broussaille.

479 2189 2195 79 Un chemin creux passait en contrebas des éboulis où l’homme se terrait.

372 2285 2307 71 Le milan y coula à la suite du geai. Le geai remonta à une vitesse

372 2373 2304 75 surprenante. Le milan le suivit, le dépassa, le surplomba, plongea. Le geai

372 2461 2302 84 esquiva, mais fut touché. Son vol s’alourdissait. Il perdait de l’altitude,

369 2552 2307 74 descendait sur la ravine. Il cria. Le milan remontait. Il avait marqué sa proie

372 2642 2300 77 de son bec et de ses griffes. Il planait, il attendait, il se donnait du bon temps.

482 2758 2194 82 En bas, le geai fuyait au ras de l’eau. Il trouva un refuge dans un roncier

369 2851 2307 77 sous les fayards. Le milan fondit soudain. Le geai évita, tenta encore de se

369 2943 2305 77 défendre, cria une dernière fois. Puis ce fut le silence, la chaleur qui

372 3036 350 70 retombe...

479 3150 2197 75 L'homme a reposé son fusil contre la roche. Il éclate d’un long rire

369 3242 2310 82 silencieux qui rétrécit ses yeux, et porte à ses lèvres craquelées une vieille

372 3328 2304 88 gourde bosselée. Quand il se les torche du revers de la main, il découvre une

372 3423 2302 77 denture détestable. Il rebouche la gourde et la glisse dans un trou entre les
