2550 3301
381 287 1486 83 — J’étais para. J’ai sauté sur une mine. Je peux plus arquer.

376 375 803 72 — Et la brute de tout à l’heure?

377 460 1485 60 — Lui, c’est autre chose, dit le chauffeur. Un ami du patron.

376 537 434 60 — Drôle d’ami!

376 623 1856 57 — Ex-ami. Hartog, au début, c’était un rien du tout, il était raide comme

310 689 1918 68 un autre. Il était dans la construction, architecte, quoi, avec l’autre con,

313 762 1275 63 Fuentès, le mec qui nous a attaqués dans le parking.

374 843 851 70 — Comment ça, « il était avec»?

370 918 1860 64 Le chauffeur se versait un troisième verre. Il alla s’asseoir sur la chaise

310 990 823 66 blanche, devant la table blanche.

374 1074 1864 61 — Rien de sexuel. Ils travaillaient ensemble. Ils avaient un bureau

308 1142 1920 66 d’architecte ensemble, ça s’appelle. Ça marchait pas quand Patatrac! — le

310 1217 1920 63 frère à Hartog se paie un palmier avec son avion. C’étaient lui et sa femme

308 1289 1926 77 qui avaient tout le blé. Aussi sec, Hartog se retrouve tuteur du môme et

308 1360 1920 66 maître du blé. Il a plaqué l’autre con, Fuentès, lequel lui a jamais pardonné.

311 1434 1237 62 Il vient de temps à autre pour lui casser la gueule.

372 1509 1224 73 — De temps à autre ? répéta Julie. C’est le pied.

372 1591 1864 63 — Si encore on pouvait le descendre, soupira le chauffeur. C’est le valet

308 1665 1924 60 et moi qui font les rondes de nuit et on a un Colt. Deux, trois fois, on a eu

311 1734 1778 65 l’occasion de lui brûler la gueule, au Fuentès. Mais Hartog veut jamais.

372 1813 1858 64 Julie vida son scotch et frissonna. Le chauffeur lui adressa un sourire

308 1879 211 70 affable.

376 1965 515 72 — Nerveuse? fit-il.
