<?xml version="1.0" encoding="UTF-8"?>
<alto xmlns:xsi="http://www.w3.org/2001/XMLSchema-instance"
      xmlns="http://www.loc.gov/standards/alto/ns-v4#"
      xsi:schemaLocation="http://www.loc.gov/standards/alto/ns-v4# http://www.loc.gov/standards/alto/v4/alto-4-2.xsd">
  <Description>
    <MeasurementUnit>pixel</MeasurementUnit>
    <sourceImageInformation>
      <fileName>page_00064.png</fileName>
      
    </sourceImageInformation>
  </Description>
  
  <Tags>
    <OtherTag ID="BT11002" LABEL="MaineZone" DESCRIPTION="block type MaineZone"/><OtherTag ID="BT11004" LABEL="TitlePageZone" DESCRIPTION="block type TitlePageZone"/><OtherTag ID="BT11005" LABEL="RunningTitleZone" DESCRIPTION="block type RunningTitleZone"/><OtherTag ID="BT11006" LABEL="NumberingZone" DESCRIPTION="block type NumberingZone"/><OtherTag ID="BT11009" LABEL="MainZone" DESCRIPTION="block type MainZone"/><OtherTag ID="BT11010" LABEL="QuireMarksZone" DESCRIPTION="block type QuireMarksZone"/>
    <OtherTag ID="LT4328" LABEL="DefaultLine" DESCRIPTION="line type DefaultLine"/><OtherTag ID="LT4329" LABEL="HeadingLine" DESCRIPTION="line type HeadingLine"/><OtherTag ID="LT4330" LABEL="default" DESCRIPTION="line type default"/>
  </Tags>
  
  <Layout>
    <Page WIDTH="2550"
          HEIGHT="3301"
          PHYSICAL_IMG_NR="59"
          ID="eSc_dummypage_">
      <PrintSpace HPOS="0"
                  VPOS="0"
                  WIDTH="2550"
                  HEIGHT="3301">
        
        <TextBlock HPOS="288.8092346191406"
                   VPOS="264.8546142578125"
                   WIDTH="1969.9012145996094"
                   HEIGHT="2712.4378662109375"
                   ID="block_0"
                   TAGREFS="BT11009">
          <Shape><Polygon POINTS="288.809 264.855 2258.71 264.855 2258.71 2977.29 288.809 2977.29 288.809 264.855"/></Shape>
          
          
          <TextLine ID="line_0"
                    TAGREFS="LT4328"
                    BASELINE="381 342 1298 346" 
                    HPOS="379"
                    VPOS="298"
                    WIDTH="919"
                    HEIGHT="70">
            <Shape><Polygon POINTS="381 342 379 353 510 366 511 366 783 357 946 368 948 368 1297 357 1298 346 1298 311 1256 300 1254 300 1252 300 1047 311 1034 311 1031 311 986 300 985 300 983 300 981 300 955 311 953 311 944 311 840 298 838 298 787 309 627 298 625 298 623 298 592 308 476 298 475 298 473 298 471 298 471 300 462 309 460 309 381 309 381 342"/></Shape>
	    <String CONTENT="— Attendez une minute, je vous prie."
                    HPOS="379"
                    VPOS="298"
                    WIDTH="919"
                    HEIGHT="70"
                    WC="0.9998229891061783"></String>
          </TextLine>

          
          
          <TextLine ID="line_1"
                    TAGREFS="LT4328"
                    BASELINE="376 429 2230 425" 
                    HPOS="374"
                    VPOS="375"
                    WIDTH="1856"
                    HEIGHT="68">
            <Shape><Polygon POINTS="376 429 376 443 2228 441 2230 425 2228 388 2195 375 2194 375 2192 375 2190 375 2161 388 2082 388 2062 375 2060 375 2058 375 1981 375 1979 375 1977 375 1975 375 1955 386 1955 388 1816 388 1814 386 1796 375 1794 375 1792 375 1790 375 1739 386 1737 386 1735 386 1658 375 1656 375 1654 375 1625 386 1607 375 1605 375 1603 375 1601 375 1599 375 1566 386 1564 388 1423 388 1421 386 1397 375 1396 375 1394 375 1309 386 1284 388 1251 386 1155 377 1153 377 1100 385 1080 388 1069 385 1045 377 1043 377 1042 377 999 385 979 390 884 390 876 385 860 377 858 377 856 377 854 377 832 385 821 388 768 385 669 377 667 377 665 377 638 385 621 388 574 385 497 377 495 377 493 377 467 385 451 388 434 385 409 377 407 377 405 377 374 383 376 429"/></Shape>
	    <String CONTENT="La jeune femme descendit. À travers le pare-brise, l’automobiliste, la"
                    HPOS="374"
                    VPOS="375"
                    WIDTH="1856"
                    HEIGHT="68"></String>
          </TextLine>

          
          
          <TextLine ID="line_2"
                    TAGREFS="LT4328"
                    BASELINE="310 500 2230 510" 
                    HPOS="305"
                    VPOS="440"
                    WIDTH="1922"
                    HEIGHT="77">
            <Shape><Polygon POINTS="308 497 305 511 2222 517 2227 508 2225 459 1770 445 1767 445 1765 445 1762 445 1751 456 1745 459 1718 456 1624 442 1621 442 1305 453 1280 453 1266 442 1266 440 1263 440 1261 440 1258 440 1255 440 1252 440 1230 453 1228 453 1178 440 1175 440 1173 440 1096 453 1084 456 804 456 801 451 790 442 790 440 787 440 784 440 782 440 308 448 308 497"/></Shape>
	    <String CONTENT="regardait d’un air indécis, un sourire imbécile aux lèvres. Il vit la jeune fille"
                    HPOS="305"
                    VPOS="440"
                    WIDTH="1922"
                    HEIGHT="77"
                    WC="0.9937008555446353"></String>
          </TextLine>

          
          
          <TextLine ID="line_3"
                    TAGREFS="LT4328"
                    BASELINE="310 572 2234 572" 
                    HPOS="310"
                    VPOS="526"
                    WIDTH="1924"
                    HEIGHT="60">
            <Shape><Polygon POINTS="310 572 310 585 2232 586 2234 572 2234 537 1863 537 1825 526 1823 526 1821 526 1819 526 1799 537 1451 537 1335 526 1333 526 1188 535 1091 526 1089 526 1005 535 946 526 944 526 942 526 941 526 924 537 790 537 713 526 711 526 709 526 669 535 627 526 625 526 623 526 583 535 500 526 498 526 421 535 332 526 330 526 328 526 310 535 310 572"/></Shape>
	    <String CONTENT="disparaître derrière une haie. Est-ce qu’elle va pisser ou bien mettre son"
                    HPOS="310"
                    VPOS="526"
                    WIDTH="1924"
                    HEIGHT="60"
                    WC="0.9938530733710841"></String>
          </TextLine>

          
          
          <TextLine ID="line_4"
                    TAGREFS="LT4328"
                    BASELINE="310 645 2228 641" 
                    HPOS="308"
                    VPOS="594"
                    WIDTH="1920"
                    HEIGHT="66">
            <Shape><Polygon POINTS="310 645 310 660 2227 656 2228 641 2225 607 2056 607 2005 594 2003 594 2001 594 1975 607 1902 607 1845 594 1843 594 1841 594 1840 594 1819 607 1665 607 1561 594 1559 594 1557 594 1539 603 1449 596 1447 596 1377 605 1269 594 1267 594 1265 594 1227 607 895 596 893 596 823 607 731 596 730 596 728 596 726 596 706 608 506 608 332 596 330 596 328 596 326 596 308 605 310 645"/></Shape>
	    <String CONTENT="diaphragme, se demandait l’homme. Il était tout frémissant d’appréhension."
                    HPOS="308"
                    VPOS="594"
                    WIDTH="1920"
                    HEIGHT="66"
                    WC="0.9983639237168548"></String>
          </TextLine>

          
          
          <TextLine ID="line_5"
                    TAGREFS="LT4328"
                    BASELINE="311 717 1713 717" 
                    HPOS="311"
                    VPOS="669"
                    WIDTH="1402"
                    HEIGHT="62">
            <Shape><Polygon POINTS="311 717 311 731 1711 731 1713 717 1713 680 1685 669 1684 669 1682 669 1680 669 1645 680 1430 680 1419 669 1418 669 1416 669 1414 669 1412 669 1381 678 1381 680 1293 680 1293 678 1282 669 1280 669 1278 669 1276 669 1188 678 1186 678 1172 669 1170 669 1168 669 1166 669 1060 678 1056 678 1053 678 979 669 902 669 900 669 898 669 897 669 886 678 884 678 880 678 799 669 798 669 739 678 731 678 726 678 658 669 656 669 610 678 605 680 434 680 431 678 410 669 409 669 407 669 311 676 311 717"/></Shape>
	    <String CONTENT="Julie ressurgit soudain. Elle agitait un bras, bizarrement."
                    HPOS="311"
                    VPOS="669"
                    WIDTH="1402"
                    HEIGHT="62"
                    WC="0.9987911167791335"></String>
          </TextLine>

          
          
          <TextLine ID="line_6"
                    TAGREFS="LT4328"
                    BASELINE="379 790 1601 794" 
                    HPOS="377"
                    VPOS="746"
                    WIDTH="1224"
                    HEIGHT="66">
            <Shape><Polygon POINTS="379 790 377 799 447 801 456 810 456 812 458 812 460 812 462 812 1599 803 1601 794 1601 761 1555 748 1553 748 1552 748 1484 759 1462 748 1460 748 1458 748 1456 748 1454 748 1438 759 1436 761 1331 761 1331 759 1319 748 1317 748 1315 748 1313 748 1311 748 1280 759 1278 761 1168 761 1164 759 1144 748 1142 748 1141 748 1139 748 1108 759 1104 759 1102 759 1064 748 1062 748 1060 748 999 757 772 748 770 748 533 757 504 757 502 757 491 746 489 746 487 746 486 746 484 746 464 757 462 757 379 757 379 790"/></Shape>
	    <String CONTENT="— Apportez votre manivelle de cric! cria-t-elle."
                    HPOS="377"
                    VPOS="746"
                    WIDTH="1224"
                    HEIGHT="66"
                    WC="0.9902831315994263"></String>
          </TextLine>

          
          
          <TextLine ID="line_7"
                    TAGREFS="LT4328"
                    BASELINE="376 876 2230 872" 
                    HPOS="374"
                    VPOS="825"
                    WIDTH="1856"
                    HEIGHT="66">
            <Shape><Polygon POINTS="376 876 376 891 2228 887 2230 872 2228 836 2199 825 2197 825 2195 825 2194 825 2164 834 2067 825 2065 825 1983 834 1924 825 1922 825 1834 834 1832 834 1830 834 1786 825 1785 825 1783 825 1748 834 1746 836 1528 836 1526 834 1511 825 1509 825 1507 825 1506 825 1353 834 1300 836 1287 834 1262 827 1260 827 1258 827 1256 827 1232 834 1221 836 1201 834 1155 827 1153 827 1111 832 1087 836 1045 832 970 827 968 827 913 832 878 836 821 832 737 827 735 827 374 830 376 876"/></Shape>
	    <String CONTENT="L&#x27;automobiliste ouvrit la portière de son côté et se pencha à l’extérieur de"
                    HPOS="374"
                    VPOS="825"
                    WIDTH="1856"
                    HEIGHT="66"
                    WC="0.9877594348825054"></String>
          </TextLine>

          
          
          <TextLine ID="line_8"
                    TAGREFS="LT4328"
                    BASELINE="311 944 656 948" 
                    HPOS="310"
                    VPOS="896"
                    WIDTH="346"
                    HEIGHT="64">
            <Shape><Polygon POINTS="311 944 310 957 653 960 656 948 656 915 599 898 598 898 596 898 594 898 546 909 482 896 480 896 414 911 410 911 311 911 311 944"/></Shape>
	    <String CONTENT="son véhicule."
                    HPOS="310"
                    VPOS="896"
                    WIDTH="346"
                    HEIGHT="64"
                    WC="0.998739093542099"></String>
          </TextLine>

          
          
          <TextLine ID="line_9"
                    TAGREFS="LT4328"
                    BASELINE="376 1025 1069 1021" 
                    HPOS="374"
                    VPOS="977"
                    WIDTH="695"
                    HEIGHT="71">
            <Shape><Polygon POINTS="376 1025 376 1036 464 1036 467 1036 506 1048 508 1048 510 1048 511 1048 541 1036 563 1045 565 1045 566 1045 632 1036 691 1045 693 1045 695 1045 713 1036 753 1047 755 1047 757 1047 759 1047 803 1034 805 1034 807 1034 902 1047 904 1047 1008 1045 1010 1045 1012 1045 1023 1034 1045 1045 1047 1045 1049 1045 1051 1045 1053 1045 1069 1032 1069 1021 1064 982 865 990 836 986 777 977 776 977 774 977 733 988 717 993 636 993 634 990 623 981 623 979 621 979 620 979 618 979 616 979 583 990 555 979 554 979 465 979 464 979 462 979 460 979 460 981 447 993 374 993 376 1025"/></Shape>
	    <String CONTENT="— Qu’est-ce qui se passe?"
                    HPOS="374"
                    VPOS="977"
                    WIDTH="695"
                    HEIGHT="71"
                    WC="0.9930569672584534"></String>
          </TextLine>

          
          
          <TextLine ID="line_10"
                    TAGREFS="LT4328"
                    BASELINE="376 1102 1909 1107" 
                    HPOS="374"
                    VPOS="1054"
                    WIDTH="1535"
                    HEIGHT="73">
            <Shape><Polygon POINTS="376 1102 374 1111 480 1124 482 1126 592 1126 592 1124 594 1124 596 1124 610 1115 730 1124 731 1124 733 1124 735 1124 748 1115 887 1126 889 1127 990 1127 990 1126 992 1126 994 1126 1007 1116 1020 1126 1021 1126 1023 1126 1025 1126 1907 1116 1909 1107 1904 1058 1869 1069 1843 1058 1841 1058 1840 1058 1836 1058 1775 1069 1737 1058 1735 1058 1733 1058 1731 1058 1729 1058 1728 1058 1691 1069 1658 1058 1654 1058 1652 1058 1651 1058 1641 1058 1575 1069 1559 1059 1559 1058 1557 1058 1555 1058 1553 1058 1552 1058 1546 1059 1507 1070 1399 1070 1375 1059 1370 1058 1368 1058 1366 1058 1364 1058 1355 1059 1328 1067 1251 1059 1218 1058 1216 1058 1175 1061 1097 1067 1086 1061 1080 1056 1078 1056 1076 1056 1075 1056 1073 1056 1062 1061 1051 1067 1042 1061 1034 1056 1032 1056 1031 1056 1029 1056 1027 1056 1008 1061 986 1067 963 1061 937 1056 935 1056 933 1056 911 1061 891 1067 886 1061 876 1054 875 1054 873 1054 871 1054 869 1054 849 1061 840 1065 675 1065 673 1063 662 1054 660 1054 658 1054 588 1054 587 1054 585 1054 583 1054 570 1063 568 1065 559 1063 515 1054 513 1054 376 1063 376 1102"/></Shape>
	    <String CONTENT="— Vite! Votre manivelle! Apportez votre manivelle de cric!"
                    HPOS="374"
                    VPOS="1054"
                    WIDTH="1535"
                    HEIGHT="73"
                    WC="0.9844499477024736"></String>
          </TextLine>

          
          
          <TextLine ID="line_11"
                    TAGREFS="LT4328"
                    BASELINE="374 1184 1673 1184" 
                    HPOS="374"
                    VPOS="1137"
                    WIDTH="1299"
                    HEIGHT="62">
            <Shape><Polygon POINTS="374 1184 374 1199 1673 1199 1673 1184 1673 1151 1366 1137 1364 1137 1363 1137 1319 1149 1278 1137 1276 1137 1275 1137 1273 1137 1234 1149 1042 1149 1029 1138 1027 1138 1025 1138 1023 1138 963 1149 948 1138 948 1137 946 1137 944 1137 942 1137 880 1146 847 1137 845 1137 843 1137 842 1137 840 1137 823 1151 544 1151 526 1137 524 1137 522 1137 462 1137 460 1137 458 1137 456 1137 440 1151 374 1151 374 1184"/></Shape>
	    <String CONTENT="— Mais pourquoi? Oh, et puis merde, dit l’homme."
                    HPOS="374"
                    VPOS="1137"
                    WIDTH="1299"
                    HEIGHT="62"
                    WC="0.986267996331056"></String>
          </TextLine>

          
          
          <TextLine ID="line_12"
                    TAGREFS="LT4328"
                    BASELINE="374 1267 2230 1263" 
                    HPOS="372"
                    VPOS="1215"
                    WIDTH="1858"
                    HEIGHT="65">
            <Shape><Polygon POINTS="374 1280 2228 1278 2230 1263 2227 1226 2153 1215 2151 1215 2150 1215 2120 1225 2063 1215 2062 1215 2060 1215 2034 1225 1970 1215 1968 1215 1884 1225 1882 1225 1880 1225 1783 1215 1781 1215 1729 1225 1728 1226 1423 1226 1421 1225 1399 1215 1397 1215 1396 1215 1260 1225 1225 1226 1218 1225 1196 1217 1194 1217 1192 1217 1126 1225 1104 1226 1089 1225 1053 1217 1051 1217 1012 1225 999 1226 985 1225 946 1217 944 1217 942 1217 915 1225 904 1226 878 1225 810 1217 809 1217 742 1225 717 1226 708 1225 689 1217 687 1217 686 1217 643 1225 625 1226 614 1225 592 1217 590 1217 588 1217 555 1225 539 1226 372 1225 374 1267"/></Shape>
	    <String CONTENT="La manivelle à la main, il rejoignit Julie en courant. Il avait les jambes"
                    HPOS="372"
                    VPOS="1215"
                    WIDTH="1858"
                    HEIGHT="65"
                    WC="0.9982305407524109"></String>
          </TextLine>

          
          
          <TextLine ID="line_13"
                    TAGREFS="LT4328"
                    BASELINE="310 1338 2230 1333" 
                    HPOS="308"
                    VPOS="1287"
                    WIDTH="1922"
                    HEIGHT="66">
            <Shape><Polygon POINTS="310 1338 310 1353 2228 1347 2230 1333 2227 1296 1843 1287 1841 1287 1840 1287 1821 1296 1819 1298 1702 1298 1700 1296 1662 1287 1660 1287 1658 1287 1656 1287 1654 1287 1640 1296 1564 1289 1563 1289 1561 1289 1544 1298 1541 1300 1317 1300 1313 1298 1284 1289 1282 1289 1280 1289 1192 1298 1188 1298 1186 1298 1161 1289 1159 1289 1157 1289 1087 1298 1086 1298 1071 1289 1069 1289 1067 1289 948 1289 946 1289 902 1300 895 1300 878 1300 781 1291 779 1291 777 1291 755 1300 753 1302 576 1302 574 1300 552 1291 550 1291 548 1291 497 1300 493 1300 491 1300 434 1291 432 1291 308 1300 310 1338"/></Shape>
	    <String CONTENT="courtes et son pantalon flottait autour de ses grandes fesses. Julie était pliée"
                    HPOS="308"
                    VPOS="1287"
                    WIDTH="1922"
                    HEIGHT="66"
                    WC="0.9961742635180311"></String>
          </TextLine>

          
          
          <TextLine ID="line_14"
                    TAGREFS="LT4328"
                    BASELINE="310 1410 2230 1406" 
                    HPOS="308"
                    VPOS="1360"
                    WIDTH="1922"
                    HEIGHT="64">
            <Shape><Polygon POINTS="310 1410 310 1424 2228 1421 2230 1406 2227 1371 2153 1360 2151 1360 2047 1369 1840 1360 1838 1360 1748 1369 1693 1360 1691 1360 1689 1360 1662 1369 1625 1360 1623 1360 1621 1360 1619 1360 1588 1369 1553 1360 1552 1360 1550 1360 1548 1360 1546 1360 1530 1371 1414 1371 1394 1360 1392 1360 1271 1360 1269 1360 1188 1371 1086 1362 1084 1362 1082 1362 1045 1371 906 1362 904 1362 902 1362 882 1373 759 1373 728 1362 726 1362 724 1362 598 1371 583 1362 581 1362 579 1362 577 1362 519 1371 412 1362 410 1362 308 1373 310 1410"/></Shape>
	    <String CONTENT="en deux et scrutait quelque chose à l’intérieur de la haie. L’automobiliste"
                    HPOS="308"
                    VPOS="1360"
                    WIDTH="1922"
                    HEIGHT="64"
                    WC="0.996124039996754"></String>
          </TextLine>

          
          
          <TextLine ID="line_15"
                    TAGREFS="LT4328"
                    BASELINE="310 1481 1100 1478" 
                    HPOS="308"
                    VPOS="1435"
                    WIDTH="792"
                    HEIGHT="68">
            <Shape><Polygon POINTS="310 1481 310 1494 697 1503 698 1503 801 1494 1056 1501 1058 1501 1060 1501 1100 1490 1100 1478 1097 1446 878 1435 876 1435 875 1435 873 1435 873 1437 864 1446 801 1446 766 1435 765 1435 763 1435 698 1446 409 1437 407 1437 308 1448 310 1481"/></Shape>
	    <String CONTENT="contempla ses jambes écartées."
                    HPOS="308"
                    VPOS="1435"
                    WIDTH="792"
                    HEIGHT="68"
                    WC="0.9858957026153803"></String>
          </TextLine>

          
          
          <TextLine ID="line_16"
                    TAGREFS="LT4328"
                    BASELINE="374 1560 1319 1556" 
                    HPOS="372"
                    VPOS="1509"
                    WIDTH="947"
                    HEIGHT="62">
            <Shape><Polygon POINTS="374 1560 374 1571 1317 1569 1319 1556 1317 1516 1302 1509 1300 1509 1298 1509 1297 1509 1295 1509 1286 1516 1280 1520 1276 1516 1269 1511 1269 1509 1267 1509 1265 1509 1234 1509 1232 1509 1230 1509 1229 1509 1229 1511 1221 1516 1216 1523 1043 1523 1040 1520 1031 1511 1029 1511 1027 1511 1025 1511 963 1520 948 1522 944 1520 920 1509 919 1509 845 1509 843 1509 842 1509 801 1522 794 1523 788 1522 752 1511 750 1511 667 1511 665 1511 664 1511 620 1523 618 1523 610 1523 460 1511 458 1511 456 1511 454 1511 454 1512 442 1525 372 1525 374 1560"/></Shape>
	    <String CONTENT="— Donnez! Vite! Elle est encore là!"
                    HPOS="372"
                    VPOS="1509"
                    WIDTH="947"
                    HEIGHT="62"
                    WC="0.9656888710127937"></String>
          </TextLine>

          
          
          <TextLine ID="line_17"
                    TAGREFS="LT4328"
                    BASELINE="374 1643 2230 1643" 
                    HPOS="374"
                    VPOS="1591"
                    WIDTH="1856"
                    HEIGHT="66">
            <Shape><Polygon POINTS="374 1643 374 1657 2228 1657 2230 1643 2230 1604 2188 1591 2186 1591 2184 1591 2183 1591 2139 1602 2069 1591 2067 1591 2065 1591 2028 1602 2027 1604 1929 1604 1928 1602 1906 1591 1904 1591 1902 1591 1900 1591 1869 1602 1865 1602 1862 1602 1819 1591 1818 1591 1816 1591 1764 1602 1759 1602 1755 1602 1724 1591 1722 1591 1720 1591 1718 1591 1682 1600 1674 1604 1577 1604 1574 1600 1553 1591 1552 1591 1550 1591 1460 1600 1452 1600 1449 1600 1421 1591 1419 1591 1418 1591 1416 1591 1414 1591 1399 1600 1394 1604 1252 1604 1243 1599 1223 1591 1221 1591 1219 1591 1218 1591 1192 1599 1181 1602 1172 1599 1152 1591 1150 1591 1064 1591 1062 1591 1060 1591 1058 1591 1047 1599 1038 1604 933 1604 924 1599 909 1591 908 1591 906 1591 871 1599 845 1602 720 1602 713 1597 704 1591 702 1591 700 1591 610 1591 609 1591 607 1591 605 1591 598 1597 587 1602 374 1597 374 1643"/></Shape>
	    <String CONTENT="L’automobiliste sentit que Julie lui arrachait la manivelle des mains. La"
                    HPOS="374"
                    VPOS="1591"
                    WIDTH="1856"
                    HEIGHT="66"
                    WC="0.9914963449517341"></String>
          </TextLine>

          
          
          <TextLine ID="line_18"
                    TAGREFS="LT4328"
                    BASELINE="310 1716 1651 1711" 
                    HPOS="308"
                    VPOS="1661"
                    WIDTH="1343"
                    HEIGHT="77">
            <Shape><Polygon POINTS="310 1716 310 1738 361 1729 656 1736 719 1736 720 1736 739 1734 810 1727 1649 1727 1651 1711 1647 1676 1559 1676 1533 1661 1531 1661 1530 1661 1528 1661 1502 1674 1473 1661 1471 1661 1469 1661 1467 1661 1443 1674 1410 1661 1408 1661 1407 1661 1405 1661 1403 1661 1386 1676 1293 1676 1265 1661 1263 1661 1262 1661 1260 1661 1258 1661 1241 1674 1205 1661 1203 1661 1201 1661 1199 1661 1139 1676 831 1663 829 1663 770 1676 599 1665 598 1665 596 1665 568 1678 541 1665 539 1665 473 1665 471 1665 469 1665 467 1665 451 1679 308 1679 310 1716"/></Shape>
	    <String CONTENT="jeune fille désignait frénétiquement la base de la haie."
                    HPOS="308"
                    VPOS="1661"
                    WIDTH="1343"
                    HEIGHT="77"
                    WC="0.9856332328359959"></String>
          </TextLine>

          
          
          <TextLine ID="line_19"
                    TAGREFS="LT4328"
                    BASELINE="381 1788 680 1788" 
                    HPOS="381"
                    VPOS="1738"
                    WIDTH="299"
                    HEIGHT="73">
            <Shape><Polygon POINTS="381 1788 381 1799 449 1799 460 1808 460 1810 462 1810 464 1810 465 1811 524 1811 524 1810 526 1810 528 1810 528 1808 537 1800 544 1808 544 1810 546 1810 548 1810 550 1810 552 1810 554 1810 566 1800 634 1810 636 1810 638 1810 640 1810 640 1808 649 1800 662 1810 664 1810 665 1810 667 1810 669 1810 671 1810 671 1808 680 1799 680 1788 680 1749 671 1740 671 1738 669 1738 667 1738 665 1738 664 1738 662 1738 643 1753 629 1740 629 1738 627 1738 625 1738 623 1738 621 1738 620 1738 605 1749 581 1738 579 1738 577 1738 576 1738 574 1738 574 1740 565 1747 555 1738 554 1738 552 1738 550 1738 548 1738 546 1738 546 1740 532 1755 515 1740 515 1738 513 1738 511 1738 510 1738 508 1738 506 1738 493 1749 469 1738 467 1738 465 1738 464 1738 462 1738 462 1740 443 1756 443 1758 381 1758 381 1788"/></Shape>
	    <String CONTENT="— Là ! Là !"
                    HPOS="381"
                    VPOS="1738"
                    WIDTH="299"
                    HEIGHT="73"
                    WC="0.8971495444958026"></String>
          </TextLine>

          
          
          <TextLine ID="line_20"
                    TAGREFS="LT4328"
                    BASELINE="376 1868 2228 1872" 
                    HPOS="374"
                    VPOS="1821"
                    WIDTH="1854"
                    HEIGHT="64">
            <Shape><Polygon POINTS="376 1868 374 1883 2225 1885 2228 1872 2228 1835 2205 1822 2203 1822 2201 1822 2199 1822 2151 1833 2069 1822 2067 1822 2065 1822 2021 1833 1942 1822 1940 1822 1834 1833 1823 1833 1818 1833 1766 1822 1764 1822 1715 1832 1707 1833 1702 1832 1671 1822 1669 1822 1667 1822 1665 1822 1629 1832 1619 1833 1579 1832 1418 1822 1416 1822 1377 1830 1363 1833 1352 1830 1328 1822 1326 1822 1324 1822 1322 1822 1320 1822 1308 1830 1302 1833 1295 1830 1271 1821 1269 1821 1208 1821 1207 1821 1205 1821 1203 1821 1188 1830 1185 1832 1179 1830 1152 1821 1150 1821 1065 1821 1064 1821 1062 1821 1060 1821 1047 1828 1043 1832 1036 1828 1016 1821 1014 1821 1012 1821 968 1828 946 1833 836 1833 827 1828 816 1821 814 1821 812 1821 810 1821 766 1828 737 1833 678 1833 667 1826 658 1821 656 1821 654 1821 653 1821 651 1821 636 1826 623 1832 376 1826 376 1868"/></Shape>
	    <String CONTENT="Il se pencha, déboussolé. Julie lui abattit la manivelle sur le crâne. Je"
                    HPOS="374"
                    VPOS="1821"
                    WIDTH="1854"
                    HEIGHT="64"
                    WC="0.9965721164879046"></String>
          </TextLine>

          
          
          <TextLine ID="line_21"
                    TAGREFS="LT4328"
                    BASELINE="311 1940 1603 1943" 
                    HPOS="310"
                    VPOS="1898"
                    WIDTH="1293"
                    HEIGHT="67">
            <Shape><Polygon POINTS="311 1940 310 1954 1278 1965 1280 1965 1601 1956 1603 1943 1601 1910 1363 1899 1361 1899 1271 1909 1263 1909 1258 1909 1203 1899 1201 1899 1146 1909 1141 1909 1137 1909 1104 1899 1102 1899 1100 1899 1098 1899 1067 1909 1064 1909 1058 1909 1027 1899 1025 1899 1023 1899 1021 1899 1003 1909 1001 1909 994 1909 931 1898 930 1898 851 1907 849 1909 585 1909 583 1907 557 1898 555 1898 554 1898 552 1898 532 1907 530 1907 528 1907 493 1898 491 1898 489 1898 487 1898 458 1907 454 1907 447 1907 381 1898 379 1898 311 1905 311 1940"/></Shape>
	    <String CONTENT="m’en doutais, songea-t-il en tombant à quatre pattes."
                    HPOS="310"
                    VPOS="1898"
                    WIDTH="1293"
                    HEIGHT="67"
                    WC="0.9964765542083316"></String>
          </TextLine>

          
          
          <TextLine ID="line_22"
                    TAGREFS="LT4328"
                    BASELINE="374 2022 1531 2022" 
                    HPOS="374"
                    VPOS="1973"
                    WIDTH="1157"
                    HEIGHT="62">
            <Shape><Polygon POINTS="374 2022 374 2035 1531 2035 1531 2022 1531 1987 1474 1973 1473 1973 1471 1973 1429 1984 1416 1973 1414 1973 1412 1973 1410 1973 1408 1973 1377 1984 1324 1973 1322 1973 1320 1973 1319 1973 1319 1975 1306 1987 1258 1987 1245 1975 1245 1973 1243 1973 1241 1973 1197 1973 1196 1973 1194 1973 1192 1973 1192 1975 1177 1987 1095 1987 1054 1973 1053 1973 1051 1973 1049 1973 1047 1973 1031 1987 981 1987 937 1973 935 1973 838 1973 836 1973 834 1973 832 1973 832 1975 820 1987 757 1987 730 1973 728 1973 726 1973 724 1973 695 1986 669 1973 667 1973 665 1973 664 1973 623 1984 605 1973 603 1973 601 1973 599 1973 598 1973 596 1973 596 1975 581 1987 526 1987 464 1973 462 1973 460 1973 458 1973 458 1975 445 1987 374 1987 374 2022"/></Shape>
	    <String CONTENT="— Porc! Cochon! Dégueulasse! lui dit Julie."
                    HPOS="374"
                    VPOS="1973"
                    WIDTH="1157"
                    HEIGHT="62"
                    WC="0.9891250648281791"></String>
          </TextLine>

          
          
          <TextLine ID="line_23"
                    TAGREFS="LT4328"
                    BASELINE="376 2105 1581 2101" 
                    HPOS="374"
                    VPOS="2053"
                    WIDTH="1207"
                    HEIGHT="65">
            <Shape><Polygon POINTS="376 2105 376 2118 1579 2114 1581 2101 1577 2066 1487 2066 1487 2064 1474 2053 1473 2053 1471 2053 1469 2053 1467 2053 1438 2064 1438 2066 1263 2066 1263 2064 1230 2053 1229 2053 1227 2053 1225 2053 1192 2064 1190 2064 1153 2053 1152 2053 1150 2053 1148 2053 1122 2064 1120 2064 1089 2053 1087 2053 1086 2053 1040 2063 1005 2053 1003 2053 1001 2053 999 2053 977 2064 974 2068 889 2068 884 2064 864 2055 862 2055 860 2055 858 2055 829 2064 820 2068 708 2068 700 2064 684 2055 682 2055 680 2055 678 2055 656 2064 651 2066 647 2064 634 2055 632 2055 631 2055 629 2055 374 2063 376 2105"/></Shape>
	    <String CONTENT="Il essayait de se relever. Julie le frappa au front."
                    HPOS="374"
                    VPOS="2053"
                    WIDTH="1207"
                    HEIGHT="65"
                    WC="0.9969781064070188"></String>
          </TextLine>

          
          
          <TextLine ID="line_24"
                    TAGREFS="LT4328"
                    BASELINE="376 2184 2212 2180" 
                    HPOS="374"
                    VPOS="2130"
                    WIDTH="1838"
                    HEIGHT="66">
            <Shape><Polygon POINTS="376 2184 376 2196 2210 2195 2212 2180 2208 2143 2052 2143 2051 2141 2032 2130 2030 2130 2028 2130 2027 2130 2025 2130 1995 2141 1994 2141 1951 2130 1950 2130 1948 2130 1946 2130 1913 2141 1911 2143 1851 2143 1849 2141 1830 2130 1829 2130 1827 2130 1825 2130 1759 2141 1753 2141 1751 2141 1735 2130 1733 2130 1731 2130 1729 2130 1728 2130 1695 2141 1691 2143 1597 2143 1594 2141 1572 2130 1570 2130 1568 2130 1566 2130 1526 2140 1520 2141 1513 2140 1480 2130 1478 2130 1476 2130 1418 2140 1405 2141 1372 2140 1258 2132 1256 2132 1254 2132 1236 2140 1225 2145 1080 2145 1067 2140 1049 2132 1047 2132 1045 2132 948 2138 898 2141 886 2138 862 2132 860 2132 858 2132 856 2132 854 2132 845 2138 836 2143 792 2138 741 2132 739 2132 691 2138 658 2141 632 2138 599 2132 598 2132 596 2132 594 2132 587 2138 576 2143 557 2138 541 2132 539 2132 537 2132 504 2138 464 2143 374 2138 376 2184"/></Shape>
	    <String CONTENT="Le cuir chevelu se fendit. Le sang pissa sur le visage de l’honnête homme."
                    HPOS="374"
                    VPOS="2130"
                    WIDTH="1838"
                    HEIGHT="66"
                    WC="0.9908184671401977"></String>
          </TextLine>

          
          
          <TextLine ID="line_25"
                    TAGREFS="LT4328"
                    BASELINE="374 2264 974 2264" 
                    HPOS="374"
                    VPOS="2215"
                    WIDTH="600"
                    HEIGHT="70">
            <Shape><Polygon POINTS="374 2264 374 2274 449 2274 460 2283 462 2283 464 2283 465 2285 609 2285 609 2283 610 2283 612 2283 623 2274 643 2283 645 2283 647 2283 649 2283 651 2283 664 2274 709 2285 711 2285 713 2285 856 2274 955 2283 957 2283 959 2283 961 2283 974 2274 974 2264 974 2228 950 2215 948 2215 946 2215 913 2215 911 2215 909 2215 908 2215 908 2217 897 2226 887 2217 886 2217 884 2217 882 2217 880 2217 849 2230 785 2215 783 2215 669 2230 642 2215 640 2215 638 2215 636 2215 634 2215 634 2217 620 2230 574 2215 572 2215 570 2215 502 2228 482 2215 480 2215 478 2215 476 2215 475 2215 473 2215 473 2217 458 2231 374 2231 374 2264"/></Shape>
	    <String CONTENT="— Arrête! supplia-t-il."
                    HPOS="374"
                    VPOS="2215"
                    WIDTH="600"
                    HEIGHT="70"
                    WC="0.9678633511066437"></String>
          </TextLine>

          
          
          <TextLine ID="line_26"
                    TAGREFS="LT4328"
                    BASELINE="372 2340 2230 2336" 
                    HPOS="370"
                    VPOS="2290"
                    WIDTH="1860"
                    HEIGHT="66">
            <Shape><Polygon POINTS="372 2340 372 2356 2228 2354 2230 2336 2225 2294 2150 2301 2122 2294 2111 2290 2109 2290 2107 2290 2084 2294 2041 2301 2023 2294 2012 2290 2010 2290 2008 2290 1988 2294 1959 2301 1937 2294 1922 2290 1920 2290 1918 2290 1887 2296 1847 2301 1818 2296 1790 2290 1788 2290 1786 2290 1785 2290 1777 2296 1766 2303 1623 2303 1607 2296 1585 2290 1583 2290 1581 2290 1535 2297 1506 2301 1491 2297 1471 2290 1469 2290 1467 2290 1465 2290 1441 2297 1429 2301 1421 2297 1410 2290 1408 2290 1407 2290 1330 2290 1328 2290 1278 2297 1249 2303 1225 2299 1190 2292 1188 2292 1186 2292 1166 2299 1153 2303 1124 2299 1073 2292 1071 2292 1025 2299 1005 2303 988 2299 948 2292 946 2292 944 2292 942 2292 930 2301 922 2305 568 2305 566 2303 544 2292 543 2292 385 2292 383 2292 381 2292 379 2292 370 2297 372 2340"/></Shape>
	    <String CONTENT="Julie le cogna encore deux fois. Il s’affala dans la poussière du chemin. Il"
                    HPOS="370"
                    VPOS="2290"
                    WIDTH="1860"
                    HEIGHT="66"
                    WC="0.9940665627454782"></String>
          </TextLine>

          
          
          <TextLine ID="line_27"
                    TAGREFS="LT4328"
                    BASELINE="313 2409 2230 2413" 
                    HPOS="313"
                    VPOS="2363"
                    WIDTH="1917"
                    HEIGHT="68">
            <Shape><Polygon POINTS="313 2409 313 2431 2228 2426 2230 2413 2230 2378 2201 2365 2199 2365 2043 2365 2041 2365 2040 2365 2038 2365 2019 2376 1994 2365 1992 2365 1840 2365 1838 2365 1836 2365 1814 2376 1812 2378 1544 2378 1542 2376 1520 2365 1518 2365 1517 2365 1515 2365 1480 2376 1476 2376 1465 2376 1337 2365 1335 2365 983 2374 974 2374 942 2363 941 2363 939 2363 937 2363 897 2374 895 2376 761 2376 759 2374 741 2363 739 2363 737 2363 735 2363 684 2374 680 2374 676 2374 621 2363 544 2363 543 2363 541 2363 539 2363 522 2374 519 2374 313 2374 313 2409"/></Shape>
	    <String CONTENT="geignait. Il était à peu près inconscient. Il tenta de saisir une cheville de Julie"
                    HPOS="313"
                    VPOS="2363"
                    WIDTH="1917"
                    HEIGHT="68"
                    WC="0.9922145868456641"></String>
          </TextLine>

          
          
          <TextLine ID="line_28"
                    TAGREFS="LT4328"
                    BASELINE="310 2486 2230 2483" 
                    HPOS="308"
                    VPOS="2437"
                    WIDTH="1922"
                    HEIGHT="71">
            <Shape><Polygon POINTS="310 2486 310 2508 379 2499 996 2505 1267 2506 1269 2506 1317 2503 1377 2497 2228 2497 2230 2483 2227 2450 2168 2450 2148 2437 2146 2437 2144 2437 2142 2437 2087 2448 2041 2437 2040 2437 2038 2437 1779 2448 1755 2437 1753 2437 1751 2437 1689 2446 1625 2437 1623 2437 1515 2448 1405 2437 1403 2437 1401 2437 1399 2437 1379 2450 1260 2450 1152 2439 1150 2439 1051 2450 854 2439 853 2439 748 2450 730 2439 728 2439 726 2439 618 2439 616 2439 502 2450 447 2439 445 2439 308 2451 310 2486"/></Shape>
	    <String CONTENT="pour la porter à ses lèvres, ou bien pour faire tomber la jeune fille, il ne"
                    HPOS="308"
                    VPOS="2437"
                    WIDTH="1922"
                    HEIGHT="71"
                    WC="0.9906961894952334"></String>
          </TextLine>

          
          
          <TextLine ID="line_29"
                    TAGREFS="LT4328"
                    BASELINE="311 2556 2227 2554" 
                    HPOS="310"
                    VPOS="2508"
                    WIDTH="1917"
                    HEIGHT="64">
            <Shape><Polygon POINTS="311 2556 311 2571 2223 2572 2227 2554 2223 2521 2153 2508 2151 2508 2150 2508 2106 2519 2065 2508 2063 2508 2062 2508 2060 2508 2021 2521 1907 2521 1871 2508 1869 2508 1867 2508 1865 2508 1863 2508 1843 2521 1786 2521 1729 2508 1728 2508 1726 2508 1724 2508 1704 2521 1489 2521 1425 2508 1423 2508 1421 2508 1396 2519 1333 2508 1331 2508 1330 2508 1328 2508 1308 2521 1131 2521 1086 2508 1084 2508 1082 2508 1080 2508 1078 2508 1058 2521 909 2521 739 2508 737 2508 735 2508 702 2519 627 2508 625 2508 623 2508 590 2519 517 2508 515 2508 513 2508 478 2519 432 2508 431 2508 429 2508 310 2521 311 2556"/></Shape>
	    <String CONTENT="savait plus. Un dernier coup de manivelle l’assomma. Il ne bougeait plus."
                    HPOS="310"
                    VPOS="2508"
                    WIDTH="1917"
                    HEIGHT="64"
                    WC="0.9948607952627417"></String>
          </TextLine>

          
          
          <TextLine ID="line_30"
                    TAGREFS="LT4328"
                    BASELINE="311 2627 2230 2624" 
                    HPOS="310"
                    VPOS="2578"
                    WIDTH="1920"
                    HEIGHT="64">
            <Shape><Polygon POINTS="311 2627 311 2642 2228 2638 2230 2624 2227 2593 2117 2593 2115 2591 2095 2578 2093 2578 2091 2578 2089 2578 2087 2578 2052 2591 2052 2593 1847 2593 1845 2591 1807 2578 1805 2578 1803 2578 1744 2591 1740 2593 1649 2593 1645 2591 1607 2578 1605 2578 1555 2578 1553 2578 1552 2578 1530 2591 1528 2591 1526 2591 1491 2578 1489 2578 1487 2578 1485 2578 1452 2591 1451 2591 1447 2591 1427 2582 1425 2582 1423 2582 1309 2591 1265 2594 1146 2594 1137 2589 1113 2580 1111 2580 1109 2580 1025 2589 994 2593 983 2589 953 2580 952 2580 950 2580 889 2589 865 2593 840 2589 779 2580 777 2580 733 2589 715 2593 702 2589 675 2580 673 2580 543 2580 541 2580 539 2580 522 2589 515 2593 506 2589 486 2580 484 2580 482 2580 480 2580 449 2589 440 2591 432 2589 412 2580 410 2580 409 2580 310 2587 311 2627"/></Shape>
	    <String CONTENT="Julie le fouilla. Il portait sur lui un paquet de Gitanes-filtres entamé, une"
                    HPOS="310"
                    VPOS="2578"
                    WIDTH="1920"
                    HEIGHT="64"
                    WC="0.9937611902371432"></String>
          </TextLine>

          
          
          <TextLine ID="line_31"
                    TAGREFS="LT4328"
                    BASELINE="310 2699 2232 2699" 
                    HPOS="310"
                    VPOS="2653"
                    WIDTH="1922"
                    HEIGHT="62">
            <Shape><Polygon POINTS="310 2699 310 2715 2232 2715 2232 2699 2232 2664 2197 2653 2195 2653 2194 2653 2192 2653 2155 2664 2128 2653 2126 2653 2124 2653 2122 2653 2084 2664 2082 2664 2043 2655 2041 2655 2040 2655 1823 2664 1786 2664 1783 2664 1762 2653 1761 2653 1759 2653 1654 2662 1649 2662 1641 2662 1564 2655 1563 2655 1561 2655 1541 2662 1531 2666 1379 2666 1368 2660 1342 2653 1341 2653 1339 2653 1337 2653 1309 2660 1297 2666 1197 2666 1188 2660 1177 2653 1175 2653 1174 2653 1172 2653 1120 2660 1086 2666 862 2666 851 2659 842 2653 840 2653 838 2653 836 2653 768 2659 689 2664 660 2657 638 2653 636 2653 616 2657 585 2666 528 2666 513 2657 508 2653 506 2653 504 2653 502 2653 500 2653 487 2657 460 2664 310 2657 310 2699"/></Shape>
	    <String CONTENT="boîte de préservatifs, un carnet à souches, un stylo-bille en argent, de la"
                    HPOS="310"
                    VPOS="2653"
                    WIDTH="1922"
                    HEIGHT="62"
                    WC="0.9955565639031239"></String>
          </TextLine>

          
          
          <TextLine ID="line_32"
                    TAGREFS="LT4328"
                    BASELINE="310 2772 2234 2772" 
                    HPOS="310"
                    VPOS="2726"
                    WIDTH="1924"
                    HEIGHT="61">
            <Shape><Polygon POINTS="310 2772 310 2787 2234 2787 2234 2772 2234 2737 1803 2726 1801 2726 1799 2726 1797 2726 1781 2737 1597 2737 1482 2726 1480 2726 1478 2726 1476 2726 1462 2736 1377 2726 1375 2726 1374 2726 1355 2736 1271 2726 1269 2726 1267 2726 1238 2737 1001 2737 928 2726 926 2726 924 2726 904 2737 310 2737 310 2772"/></Shape>
	    <String CONTENT="menue monnaie en vrac. Dans son portefeuille Julie trouva divers papiers au"
                    HPOS="310"
                    VPOS="2726"
                    WIDTH="1924"
                    HEIGHT="61"
                    WC="0.9964034946759542"></String>
          </TextLine>

          
          
          <TextLine ID="line_33"
                    TAGREFS="LT4328"
                    BASELINE="310 2846 2230 2842" 
                    HPOS="308"
                    VPOS="2793"
                    WIDTH="1922"
                    HEIGHT="67">
            <Shape><Polygon POINTS="310 2846 310 2860 2228 2857 2230 2842 2227 2807 2148 2807 2120 2793 2118 2793 2117 2793 2115 2793 2089 2807 1911 2807 1880 2793 1878 2793 1876 2793 1874 2793 1849 2807 1718 2807 1654 2793 1652 2793 1585 2805 1524 2793 1522 2793 1520 2793 1473 2805 1449 2793 1447 2793 1375 2793 1374 2793 1372 2793 1346 2807 1260 2807 1221 2794 1219 2794 1218 2794 1216 2794 1175 2809 834 2809 805 2794 803 2794 801 2794 720 2804 702 2794 700 2794 454 2794 453 2794 451 2794 425 2809 308 2809 310 2846"/></Shape>
	    <String CONTENT="nom d’Émile Ventrée, et cinq cents francs. Elle glissa l’argent dans son short."
                    HPOS="308"
                    VPOS="2793"
                    WIDTH="1922"
                    HEIGHT="67"
                    WC="0.9944562875194314"></String>
          </TextLine>

          
          
          <TextLine ID="line_34"
                    TAGREFS="LT4328"
                    BASELINE="311 2917 2227 2912" 
                    HPOS="310"
                    VPOS="2864"
                    WIDTH="1917"
                    HEIGHT="81">
            <Shape><Polygon POINTS="311 2917 311 2945 427 2930 2223 2934 2227 2912 2225 2879 2172 2864 2170 2864 2168 2864 2166 2864 2139 2877 2104 2864 2102 2864 2100 2864 2016 2877 2014 2879 1939 2879 1937 2877 1913 2864 1911 2864 1909 2864 1907 2864 1880 2875 1768 2868 1766 2868 1674 2877 1662 2877 1658 2877 1623 2864 1621 2864 1619 2864 1618 2864 1572 2877 1559 2879 1546 2877 1498 2866 1496 2866 1423 2875 1410 2877 1399 2875 1350 2866 1348 2866 1346 2866 1330 2875 1322 2879 1315 2875 1293 2866 1291 2866 1142 2866 1141 2866 1139 2866 1122 2875 1113 2881 919 2881 904 2873 886 2868 884 2868 882 2868 880 2868 862 2873 840 2882 792 2882 777 2873 765 2868 763 2868 761 2868 759 2868 741 2873 722 2879 680 2873 634 2868 632 2868 601 2873 561 2881 533 2873 515 2868 513 2868 511 2868 484 2873 443 2881 310 2873 311 2917"/></Shape>
	    <String CONTENT="Puis elle enleva les chaussures d’Émile Ventrée et les jeta au loin. Elle lui"
                    HPOS="310"
                    VPOS="2864"
                    WIDTH="1917"
                    HEIGHT="81"
                    WC="0.9969583742226227"></String>
          </TextLine>

          
        </TextBlock>
        

        
      </PrintSpace>
    </Page>
  </Layout>
</alto>
