2550 3301
374 297 1858 64 En rangeant, Julie découvrit que l’électrophone encastré était flanqué de

308 368 1924 64 disques. Mozart, Bartok, du jazz New Orleans. Elle mit en marche la radio

305 431 1931 80 couplée au tourne-disques. Elle gagna la fenêtre, comprit malaisément le

306 515 1924 60 mécanisme d’ouverture à bascule, finit par ouvrir et s’accouda pour

308 586 1922 72 contempler la rue de Longchamp. Les trottoirs respiraient la paix et la

310 658 1922 64 richesse. Derrière Julie, la radio bourdonnait. Claude François vociféra avec

310 731 1922 59 enthousiasme. Puis, au son des violons, une voix féminine vanta

311 803 1923 62 successivement un vermifuge, des pneus-pluie, une revue virile. Julie alla

306 872 1924 65 éteindre le poste, mit l’électrophone en marche et se passa King Porter

310 946 185 69 Stomp.

370 1025 1866 64 En revenant à la fenêtre, elle sursauta. La soirée qui commençait était

310 1098 1920 62 langoureuse et chaude. Dans la pénombre mauve éclaboussée par les

311 1173 1919 61 lampadaires, Julie crut voir une silhouette massive en imper blanc à pattes

308 1241 1922 64 d’épaules. Elle se pencha pour mieux voir. King Porter Stomp lui mettait les

310 1316 1924 63 larmes aux yeux. Le temps de les essuyer, la silhouette avait disparu. Ou bien

310 1388 994 60 n’avait été qu’une illusion, un fantasme.

370 1461 1864 68 On frappa à la porte et Julie tressaillit. Elle alla ouvrir. Hartog entra. Son

310 1536 1918 64 sourire ressemblait à une fente de parcmètre. Il portait un pull blanc ras-du-

308 1608 1425 73 cou, sous lequel se voyait la légère enflure d’un bandage.

374 1689 954 71 — Vous êtes debout! s’exclama Julie.

372 1771 466 66 — Pourquoi non ?

374 1848 370 70 — Vos côtes ?

374 1927 1856 62 — Deux sont fêlées. Je suis bandé serré. Ne vous occupez pas. Dédé vous

310 2000 1918 68 a installée, je vois. Je venais m’assurer que tout va bien. Vous dire,

308 2070 1920 64 également, que l’on dînera dans un quart d’heure. Ordinairement, vous

308 2145 1920 63 mangerez à part avec Peter, mais pour le premier soir, je souhaite que nous

311 2217 1290 60 bavardions un peu. Descendez boire quelque chose.

372 2294 1856 66 Le salon du second étage où ils s’installèrent était parsemé d’énormes

313 2369 1341 62 fauteuils de cuir brun. Julie accepta un nouveau verre.

379 2448 1851 69 — Vous vous inquiétez sans doute, dit Hartog, de savoir pourquoi la brute

308 2516 734 69 de tout à l’heure m’a attaqué.

374 2596 737 70 — Non. André m’a expliqué.

372 2675 1858 66 — Ah bon. Fuentès est un aigri, un raté. Mais j’hésite à mettre la police à

315 2752 937 59 ses trousses. Vous claquez des dents?

374 2831 1346 68 — Je suis comme qui dirait allergique au mot p... p...

376 2912 623 62 Julie se pencha en avant.
