2550 3301
381 293 532 75 — Bonjour, dit Julie.

374 374 1144 71 — Où est Marcelle? Où est la Vieille Polio?

379 456 842 72 — Elle est partie. Je la remplace.

374 540 633 61 Peter haussa les épaules.

379 616 756 69 — Tu es en retard, répéta-t-il.

377 698 1233 61 — Ton oncle s’absente. J’ai dû lui dire au revoir.

376 781 739 64 — Il ne vient jamais me voir.

372 856 1858 64 Julie posa le plateau sur la table et versa du lait chaud sur le cacao

313 931 1242 62 instantané et du lait froid dans une assiette creuse.

377 1008 910 70 — C’est parce qu’il est très occupé.

379 1091 1859 69 — Non, c’est parce qu’il ne m’aime pas. Personne ne m’aime, sauf

310 1157 878 73 Marcelle. C’est elle qui me l’a dit.

374 1239 851 70 — Elle se trompait, affirma Julie.

370 1318 1860 64 Peter ne répondit pas et vint s’attabler. Il déversa des céréales de toutes

310 1391 1920 63 sortes dans l’assiettée de lait et se mit à manger goulûment. On frappa à la

308 1463 1919 73 porte. Julie ouvrit. Dans le couloir se tenait un homme très grand, très blond,

311 1540 1231 70 au teint de poupon, dans un costume de drap bleu.

385 1615 1102 70 —... moiselle, fit-il. J’apporte le téléviseur.

374 1698 1111 69 Il désignait un grand carton posé près de lui.

376 1771 873 72 — Qui êtes-vous? fit Julie, saisie.

381 1855 1163 70 — J’apporte le téléviseur. C’est bien ici, non?

376 1932 530 65 Il consulta une fiche.

376 2013 691 70 — En bas, ils m’ont dit ici.

376 2088 1429 72 — Une télé ! Une télé! s’écria Peter en sautant sur place.

376 2173 1533 69 — Oui, dit Julie, c’est ici, sûrement. Je ne vous attendais pas.

372 2250 1856 66 Le colosse blond transporta le gros carton à l’intérieur de la chambre.

311 2323 1499 62 Julie, aussitôt nerveuse, alla ouvrir la fenêtre, lever le store.

374 2404 772 71 — Où est-ce que je l’installe?

374 2484 1856 74 Julie, figée, regardait en bas, dans la rue, un imper blanc à pattes

311 2554 1046 64 d’épaules. Un autobus cacha la silhouette.

381 2637 488 69 — Mademoiselle ?

372 2712 1359 66 L’autobus passa. Plus d’imper blanc. Julie se retourna.

374 2793 1185 71 — Mademoiselle? Où est-ce que je l’installe?

376 2873 1214 70 — N’importe où. Par terre. Là. La prise antenne.
