2550 3301
315 297 1917 64 Thompson, immobile, les bras le long du corps, sa carabine près de lui. La

310 368 1821 75 jeune fille fut certaine que l’homme non plus n’avait pas dormi de la nuit.

369 437 1858 85 Peter fut éveillé par la lumière à six heures quinze et se leva aussitôt pour

310 522 1922 64 s’assurer de la présence de Julie. La jeune femme le hissa jusqu’à elle et le

310 596 530 60 tint serré contre elle.

377 673 1263 62 — Je t’aime mieux que Marcelle, dit encore Peter.

377 757 1853 60 Thompson quitta son lit et alla faire du café. Le bruit réveilla Bibi qui

310 827 1920 62 s’assit en ronchonnant. Les frères tape-dur rentrèrent dans le chalet. Une

308 900 1924 62 conversation cotonneuse reprit lentement, à voix mal réveillées. La seconde

308 971 644 70 journée était commencée.

377 1047 1855 64 Thompson servit le café et des flageolets dans des écuelles de carton. Le

308 1118 1924 75 premier haut-le-cœur passé, cela réchauffait. Peter refusa de manger, refusa

311 1193 1092 63 le café. Thompson lui donna un quart d’eau.

376 1278 1856 68 — J’en ai assez, dit l’enfant, je veux rentrer, je voudrais rentrer, pourquoi

313 1347 475 59 vous me faites ça?

372 1421 1856 68 Il se mit à trépigner et à pleurer. Il pleura longuement, désespérément.

310 1494 1851 66 Finalement, il n’eut plus de larmes, et, les yeux secs, il continuait à gémir:

374 1578 800 68 — Pourquoi vous me faites ça?

381 1654 914 69 — Ta gueule, à la fin! cria Nénesse.

376 1742 1854 58 — Oui, dit Thompson à Julie, faites-le taire, mademoiselle, il finit par

310 1822 621 50 nous porter sur les nerfs.
