2550 3301
311 306 1917 62 voiture. La Lincoln piqua du nez sur une rampe en ciment, vers un Parking

310 370 1918 70 souterrain où se remarquaient deux minicars Volkswagen, une DS 21, une

305 431 1501 80 Porsche. Elle vint s’immobiliser sur un emplacement balisé.

374 522 1700 63 — Nous sommes chez nous, dit Hartog. L’immeuble entier est à moi.

370 597 1860 68 Le chauffeur descendit et vint ouvrir la portière de Hartog. Julie sortit de

310 673 1918 64 l’autre côté par ses propres moyens. Entre la DS et un minicar, elle vit surgir

310 744 1920 64 une silhouette très large d’épaules, en imperméable blanc à pattes. L’homme

308 819 1922 70 approcha à grands pas rapides. Il tenait dans sa main gauche une revue

310 889 198 62 roulée.

377 970 789 71 — Fumier, ordure, déclara-t-il.

372 1047 1858 64 Le chauffeur de la Lincoln se retourna vivement et se jeta sur l’homme, les

310 1116 1920 77 poings levés. L’autre le frappa au milieu de la poitrine. Julie entendit le choc

310 1195 1918 66 avec stupeur. Les poings toujours levés, le chauffeur bascula en arrière,

310 1269 1308 58 tomba sur le ciment, son crâne résonna contre le sol.

370 1344 1866 69 Hartog était en train de remonter en voiture. L’imper blanc le rejoignit et

308 1417 1922 64 lui claqua la portière sur le milieu du corps. Hartog poussa un cri de douleur.

310 1489 1924 64 L'homme l’empoigna par le col de sa saharienne, l’arracha de la Lincoln et

310 1564 416 69 le jeta par terre.

379 1635 833 65 — Arrêtez! Arrêtez! hurla Julie.

370 1718 1860 75 La brute ne lui prêta aucune attention, prit son élan, expédia son pied dans

310 1799 1924 56 les côtes de Hartog. Celui-ci poussa un grognement. Son visage devint

311 1865 1921 64 livide. Julie rentra dans la Lincoln, ouvrit le casier du revolver. Elle braqua

313 1938 1218 60 l’arme sur l’imper blanc, par la portière ouverte.

374 2017 950 66 — Arrêtez ou je vous tue! cria-t-elle.

372 2096 1862 75 Le type la regarda. Il avait un visage plat, un nez de boxeur, de gros yeux

311 2165 1917 76 gris très clairs. Le haut de son crâne avait tendance à se dégarnir. Des

311 2242 753 63 mèches jaunâtres y pendaient.

374 2318 959 60 — La sûreté est même pas ôtée, dit-il.

370 2396 1858 66 Éclatant de rire, il flanqua un coup dans le revolver avec sa revue roulée.

310 2470 1922 64 L’Arminius alla voltiger sur le ciment. Le type haussa les épaules et s’en alla

308 2543 1924 62 à grands pas vers la rampe de sortie. Julie ramassa précipitamment le

308 2615 1926 62 revolver. Elle ne savait plus ce qu’il fallait faire, arrêter la brute ou

311 2688 1917 70 s’occuper de Hartog qui râlait par terre. Le temps qu’elle réfléchisse,

310 2758 1918 68 l’imper blanc franchissait les portes qui se refermèrent automatiquement sur

313 2837 96 58 lui.

376 2908 1034 75 — Au secours! Quelqu’un! appela Julie.
