2550 3301
377 298 1343 70 — Comment tu vas faire pour prouver ton innocence?

377 377 1851 74 — Nous allons rejoindre l’oncle Hartog, dit Julie, et je lui expliquerai

310 452 128 68 tout.

374 531 1062 61 Elle demeura un instant la bouche ouverte.

376 610 1852 68 — Je ne sais pas ce que je dis, observa-t-elle. Je suis niaise, je suis

308 680 1920 68 terriblement confuse, c’est idiot. Il faut que nous allions à la... police. Je ne

311 759 492 68 sais pas quoi faire.

376 834 1040 70 — Attache-moi mes lacets, suggéra Peter.

370 913 1864 64 Au-dehors, à travers les fentes des contrevents, monta le bruit discret

308 986 1920 64 d’une voiture au ralenti qui venait stopper sur le parking sablé de l’hôtel.

310 1063 1918 57 Julie courut à la fenêtre. Par les fentes, elle distinguait le toit d’une 403

308 1127 1920 66 noire. Des imperméables bleu clair en sortaient. L’un d’eux leva la tête pour

310 1201 1924 64 considérer la façade. C’était un homme jeune aux cheveux en brosse. Il avait

311 1274 1226 62 les mains dans les poches. Il fumait une cigarette.

376 1349 735 70 — Tout le monde dort, dit-il.

374 1432 1851 62 — Merde, répondit un autre imper. Le soleil est levé. Je suis levé. Allons-

316 1510 44 77 y.

370 1582 1860 68 Le jeune homme baissa la tête. Les deux impers disparurent du champ

311 1654 1917 64 visuel de Julie. Un instant plus tard, la jeune fille entendit résonner

311 1727 1268 66 longuement la sonnette de la porte d’entrée, en bas.

376 1804 563 64 — Les flics, dit Peter.

374 1883 746 71 — Foutons le camp, dit Julie.

370 1965 1860 66 Elle prit l’enfant par la main. Ils sortirent dans le couloir. La sonnerie

308 2039 1535 64 devint plus distincte. Des pas résonnaient au rez-de-chaussée.

374 2118 660 69 — Voilà, voilà, on arrive.

372 2196 1855 70 Julie était couverte de sueur. Elle enfila le couloir au pas de course,

311 2272 1917 62 longeant des portes fermées. Une fenêtre s’ouvrit sur un toit de tôle ondulée.

310 2356 1917 55 Au loin moutonnaient des montagnes vertes et trapues, couvertes de forêts,

308 2415 1926 62 empanachées de brouillard. Julie sauta sur le toit de tôle. Peter riait. L'enfant

306 2483 1924 67 et la jeune fille dévalèrent. L’appentis n’était pas très haut. Julie sauta, Peter

308 2560 1922 60 dans les bras, manqua se tordre la cheville en atterrissant dans une cour

310 2629 1924 64 flanquée d’étables. Un coq poussa un cri horrible. Les fuyards dérapèrent

310 2704 1926 63 dans la bouse, enfilèrent un sentier entre des murets de pierre, débouchèrent

311 2778 1919 64 sur une pente couverte de genêts. L’herbe rase, graissée par la rosée,

308 2846 1920 62 dérapait. Julie glissa, tomba, roula avec Peter à travers les genêts. Ils se

308 2917 1922 66 relevèrent, franchirent un rideau d’arbres, se retrouvèrent sur une boucle de
