2550 3301
385 300 1851 70 — M. Hartog est là, disait Rosenfeld. Si Mlle Ballanger pouvait venir tout

310 372 632 60 de suite avec sa valise...

372 454 1860 61 L'interphone fredonna. Rosenfeld hocha la tête et coupa la communication.

310 528 1926 66 Il se renversa en arrière dans son fauteuil et contempla Hartog qui regardait

310 601 1922 59 l’eau d’un air bougon. Le médecin fouilla dans ses tiroirs, en tira une pipe à

310 667 1917 64 tuyau droit et du tabac Jean Bart, bourra sa pipe. Un demi-sourire flottait sur

313 740 1286 70 ses lèvres. Hartog se retourna brusquement vers lui.

388 819 789 66 — Je vais vous faire un chèque.

374 898 796 64 Le médecin haussa les sourcils.

376 977 1401 62 — Un don, insista le rousseau. Un don pour l’institution.

393 1067 1173 55 — Oui, si vous voulez. Ce n’est pas nécessaire.

374 1137 926 67 — Ce que vous faites est intéressant.

376 1217 981 70 — L’antipsychiatrie, vous voulez dire?

379 1292 1134 74 — Je ne sais pas, dit Hartog. Garder les fous.

372 1373 1856 75 Rosenfeld grimaça, faillit parler, changea d’avis, alluma sa pipe. Hartog

310 1448 1918 68 s’appuyait sur le coin du bureau pour remplir un chèque de dix mille francs.

308 1516 1009 66 Quand il eut fini, il le tendit au médecin.

377 1599 855 69 — C’est beaucoup, dit Rosenfeld.

374 1679 941 74 — Ce n’est rien pour moi, dit Hartog.
