2550 3301
1183 605 169 68 NEUF

372 867 1743 73 Après le petit déjeuner, Julie décida d’emmener Peter au Luxembourg.

383 971 747 48 —J ai pas envie, dit l'enfant

379 1026 868 74 — Fais ce que je dis ! Habille-toi.

374 1111 1234 62 Julie avait tapé du pied. Peter haussa les épaules.

376 1188 1515 70 — C’est vrai ce que dit Marcelle, que tu étais chez les fous?

370 1269 1858 71 Le visage blanc de Julie devint plus blanc encore. Ses yeux violets

310 1342 1922 64 brasillèrent. Elle fit un pas vers Peter. Le garçonnet sauta en arrière. Il la

306 1412 1924 66 regardait avec inquiétude. Julie pivota et sortit de la chambre. Une vive

310 1489 1920 60 chaleur lui montait à la gorge. Dans l’ascenseur, elle frappa la paroi à coups

310 1560 1922 61 de poing. Elle longea le couloir. Elle entra dans sa chambre et s’avança à

308 1630 1922 68 travers la pièce en zigzaguant et en titubant et en se mettant à pleurer. Elle

310 1700 1920 64 voyait rouge. Elle avait une photo à la main. Elle la jeta sur la table. Elle

308 1775 1926 64 donna un coup de poing sur la table. Elle arracha sa tunique jaune et son

308 1843 1922 78 pantalon. En slip et brassière, elle fit le tour de la chambre en longeant le

310 1920 1918 62 mur, en se frottant la tête contre le mur. Ses larmes tombaient sur ses orteils.

308 1987 1599 65 Elle ouvrit ses placards à la volée. Se rhabiller ne la calma pas.

372 2066 1855 70 Elle enfila un collant fumée, un short pistache, une sorte de T-shirt long,

310 2141 1924 68 orangé. Elle arpenta la pièce et les muscles de ses jambes jouaient

308 2211 1922 64 superbement. Elle alla se regarder dans le miroir de la salle de bains pour se

310 2288 245 57 consoler.

379 2363 941 68 — Je vous baise tous! déclara-t-elle.

372 2442 1858 64 Le carrelage était tout ricanant de haine. Julie avala quatre Tofranil avec

310 2512 1073 71 quinze centilitres de scotch. Elle frissonna.

374 2594 442 72 — Brrr! fit-elle.

370 2673 1862 64 Elle alla prendre son sac de daim jaune qu’elle avait jeté sur la table. La

308 2743 1922 75 photo était dessous. Julie la regarda. Quelle belle photo... Un labyrinthe.

308 2824 1924 57 Une maison où se perdre. Julie retourna le cliché. Au verso, un marqueur à

308 2888 1926 77 pointe nylon avait inscrit. Tour Maure. Canton d’Olliergues. Massif
