2550 3301
377 295 1859 71 — Mieux vaut en rire, mademoiselle, je vous assure, dit Thompson en

306 370 1924 64 reculant vers la couchette où il avait laissé son arme. Vous ne manquerez pas

302 437 901 71 d’être innocentée, en fin de compte.

376 522 1076 61 — Cette lettre! articula Julie. Cette lettre!

370 601 1860 62 — Une lettre de folle, certes. Nous connaissons vos antécédents. Et vous

306 673 1919 73 comprenez qu’il importe de plonger Hartog dans la terreur. Vous comprenez,

310 746 1106 70 ou bien vous êtes effectivement une piquée?

381 828 1112 66 — Je voudrais encore un grand verre de vin.

374 902 1856 75 Thompson hocha la tête. Il prit sa carabine sous son bras pour gagner le

310 977 1920 64 coin cuisine où il versa du vin dans un quart de tôle. Il le tendit à Julie. Elle

311 1047 208 62 le vida.

374 1129 972 74 — Vous espérez que je vais signer ça?

377 1208 1855 62 Thompson ouvrit le sac de Julie qui était posé sur la couchette, près de

310 1280 1352 62 Peter. Il y fouilla un instant et en tira un crayon à bille.

376 1362 1856 70 — Vous y êtes forcée, dit-il. Vous ne voulez pas que je recommence à tirer

308 1434 1924 66 les cheveux de l’enfant, ou que je lui arrache une oreille ou lui casse un

310 1507 159 71 doigt.

377 1580 949 74 — Vous permettez que je réfléchisse?

374 1665 1245 69 — Cela ne vous avancera pas. Je regrette. Signez.

374 1742 1271 64 Julie prit le crayon à bille que l’homme lui tendait.

381 1822 1847 72 — Vous avez tapé ça avec une machine à écrire, observa-t-elle. Vous

310 1896 1746 64 l’avez tapé avec mon Hermès que l’autre gros con m’a volée ce matin.

376 1975 1148 71 — Oui, dit Thompson, c’est plus parfait ainsi.

374 2052 295 75 Julie signa.
