2550 3300
1254 302 49 94 3

404 418 1832 101 On peut dire que c’est assez con que cet imbécile se soit fracturé le

308 525 1922 80 crâne. Ça rendait tout plus difficile, tout de suite. Mais je ne me plains pas.

308 602 1925 74 C’est le jeu. On ne peut pas gagner à tous les coups. Je ne croyais pas

316 684 1920 64 vraiment qu’il y aurait des conséquences. Au vrai, j’étais assez émoustillé à

313 750 1931 69 l’idée des réactions du père. Ce vieux schnock, son expression permanente

310 814 1926 77 vis-à-vis de moi, à la maison, c’était la grande déception, le souverain.

308 893 1925 69 mépris. Il me trouvait dégénéré par rapport à lui, la tante. Là maintenant, je

310 973 1929 63 trouvais assez triquant de traîner bel et bien son nom dans la boue. Il serait

313 1034 1114 74 bien emmerdé d’avoir eu raison à mon sujet.

401 1100 1832 79 Au comissariat, ure bourrique m’a giflé parce que je me marrais

308 1185 1925 66 nerveusement. Jamais j’ai pu supporter d’être humilié. Aussi sec je shoote

308 1254 1925 71 aux roustons. Ils étaient six, même plus, qui me sont tombés dessus. J’ai senti

310 1317 1923 77 une mollesse extrême et chaleureuse m’envahir. Je pouvais tout juste crier

310 1402 1926 66 des obscénités pendant qu’ils m’avaient jeté à terre à force de douze ou vingt

308 1460 1928 77 coups de poing en pleine gueule, un avait une chevalière qui m’ouvrit la

308 1534 1925 85 pommette; ils me donnaient des coups de pied, à présent, comme s’ils se

308 1603 1925 80 renvoyaient une balle. La douleur était atroce, spécialement quand ils

310 1677 1923 77 tapaient dans le foie ou les reins. Un brodequin me fit éclater la chair de

310 1757 1923 71 l’avant-bras mais c’est à peine si je le sentis. Ils me tirèrent les cheveux.

313 1826 1920 74 Mes yeux s’emplirent de larmes. Je n’arrivais même plus à articuler, à cause

308 1892 1925 77 d’une sorte de sommolence. Je ne suis pas pédé ni maso, mais je dis

310 1974 1926 66 franchement qu’il y a de la jouissance à être manipulé brutalement par un

316 2040 1917 80 groupe de fortes brutes, surtout quand elles vous sont inférieures

310 2120 471 66 intellectuellement.

401 2178 1832 79 Je vis plus tard le Juge, mais je ne parvenais pas à le prendre au sérieux.

308 2260 1925 69 Je connaissais des miquettes qu’il s’était tapé. Tout respect était mort en moi.

401 2321 1835 82 Je vis aussi le commissaire Goémond. Lui, je le connaissais un peu du

313 2409 1917 66 fait qu’il venait quelquefois à la maison. Il me proposa une sorte de marché.

310 2469 1923 74 Il servait d’intermédiaire entre mon père et Ventrée. Mon père donnait de

313 2546 1923 72 l’argent à Ventrée pour qu’il retire sa plainte. Mais comme il y avait eu une

310 2609 1923 80 sale histoire publiquement, il valait mieux que je parte. Il m’offrit même un

308 2692 1925 77 petit cigare hollandais et fit mine de me parler d’homne à homme. Il afficha

313 2769 1923 66 un cynisme de commande, il me dit sa philosophie. Le fait que la société doit

313 2827 1923 77 fonctionner bien. Que les individus doivent coopérer. Si l’un d’eux ne

298 2895 1938 86 coopère pas, il n’avait rien contre personnellement, lui, Goémond. Mais la
