2550 3300
308 299 1925 69 au Iycée Corneille. Ses professeurs le jugent d’une extrême paresse.

310 376 1926 64 Certains font mention de son intelligence; tous, de sa passivité. Peut-être le

308 440 1922 68 changement de régime disciplinaire a-t-il été néfaste à Butron. Cependant, il

308 503 1925 80 semble qu’à Orléans déjà, il avait « emprunté » quelques voitures,

308 585 1928 75 nuitamnent, pour emmener en promenade sentimentale la femme d’un officier

308 649 693 77 subalterne caserné en ville.

404 728 1835 80 Butron passe sans difficulté la premère partie de son baccalauréat, au

308 805 1928 66 début de l’été 1960. Il s’intéresse à la musique de jazz et essaie d’apprendre

310 874 1923 69 la batterie, mais il abandonne assez rapidement l’étude de l’instrument. Il

308 946 1925 66 semble qu’il a pris alors l’habitude de voler régulièrement des voitures,

313 1009 1923 77 toujours pour faire des promenades, abandonnant les véhicules à peu de

305 1078 1931 79 distance de l’endroit où il les a trouvés, et peu de tenps après les avoir

310 1168 284 64 empruntés.

401 1218 1840 80 Le 3 octobre 1960, il vole l’automobile de M. Albert Ventrée, négociant

305 1292 1931 80 à Châlons-sur-Marne, pour faire une excursion dans la région dieppoise. Au

308 1377 1931 69 retour, fortuitement, il est surpris par M. Ventrée alors qu’il vient de garer la

313 1449 1926 69 voiture. Des coups sont échangés. Henri Butron frappe M. Ventrée qui tentait

308 1529 1931 60 de le ceinturer. Le négociant est atteint d’une fracture du crâne et a la

308 1592 1928 71 mâchoire fracassée. Butron est incarcéré. Un arrangement intervient entre son

308 1655 1922 88 père et M. Ventrée. Les autorités, qui ont de l’estime pour M. Butron père,

308 1738 1922 68 n’y mettent pas obstacle. M. Ventrée retire sa plainte. Henri Butron s’engage

308 1798 1925 74 dans l’armée. Après son instruction, il est envoyé à Oran dans les

313 1867 1777 88 fransmissions. Il est blessé à l’œil droit pendant un exercice et réformé.
