2550 3300
401 302 1832 66 Lyse se masque immédiat, car elle se rend compte instinctivement qu’il y

310 376 1926 64 a quelque chose de sexuel dans une telle entrée en matière, bien qu’elle ne le

310 445 1018 77 perçoive pas consciemment comme moi.

401 503 1835 77 Je propose à sa copine d’aller finir la journée à la mer, et elle accepte

305 574 1928 80 d’un air méprisant, disant qu’elle serait curieuse de m’entendre dire des

308 649 269 77 conneries.

401 726 1832 71 Pour la remettre à sa place, je la fais monter à l’arrière, et pendant tout le

308 794 1925 77 trajet jusqu’à Dieppe, je ne lui adresse même pas la parole et je roule des

313 880 1920 71 patins à Lyse dans les virages, me retrouvant en plein à gauche à la sortie

310 937 350 75 fréquemment.

401 1014 1832 69 La plage où nous allons, pas loin de Dieppe, a été chantée par les poètes,

305 1091 1928 66 mais c’était avant guerre. Après que les Allemands ont installé des rampes

308 1160 1922 69 de lancement de V-1 pas loin, la localité a été écrasée sous les bombes,

308 1234 1925 69 comme on dit. Les baraques en torchis se sont fait souffler vite fait, même les

310 1295 1920 77 beaux hôtels en dur où venaient en villégiature de jeunes Anglais riches,

308 1377 1931 64 dans le temps, en pantalon blanc, avec une raquette de tennis sous un bras et

310 1449 1926 63 un banjo sous l’autre, c’est du moins ce qu’on raconte. Quand il y a eu la

308 1523 1931 66 reconstruction, les bouseux ont eu droit à du ciment dépourvu de stvle et

308 1581 1928 80 l’agglomération est devenue laide. De plus, les progrès sociaux et la

308 1655 1928 80 multiplication des automobiles ont mis cette région à portée des travailleurs

305 1724 1928 82 de la grande industrie ; ce qui fait qu’en saison, ce ne sont plus les jeunes.

310 1812 1926 66 Anglais élégants qui hantent les lieux, mais des prolétaires bruyants avec.

308 1881 1925 66 leurs mômes qui chient partout. Je hais toute cette vulgarité. Je sens que

308 1938 1922 91 J’aurais été plus à la hauteur si j’étais né dans un milieu réellement élevé,

310 2010 806 91 pas simplement fils de médecin.

401 2095 1829 69 Heureusement, là maintenant, ce sont les premiers jours d’octobre, il n’y

308 2158 1823 80 a plus d’estivants. La plage est déserte, sur laquelle souffle un vent tiède.

420 2246 1362 61 — Je me fous à l’eau, annonce Lyse d’un air engageant.

404 2312 1832 69 Elle n’ajoute pas qui m’aime me suive, mais c’est l’idée générale. Je ne)

308 2376 1925 71 bouge pas. Je lui fais juste un signe avunculaire pour l’encourager. Elle se

308 2442 1922 82 retrouve tout con. Elle ne sait plus si elle va y aller. Elle y va quand même,

310 2532 1926 69 par orgueil, et elle commence à nager tout droit vers l’Angleterre. Elle,

310 2590 1923 77 voudrait sans doute que je m’inquiète pour elle. Loupé. Je me mets sur le

308 2659 784 80 coude pour détailler sa copine.

404 2730 1826 83 Elle s’appelle Anne Gouin. Elle a, conme j’ai dit, le cul carré, solide,

310 2813 1926 71 haut placé, ce qui est très bien, c’est une des choses les plus difficiles à

310 2893 1926 60 trouver. Des seins petits, mais arrogants ; je veux dire par là qu’ils sont.
