2550 3300
310 299 1926 69 immédiatement et demeure masquée tout le reste de la journée. De toute

310 363 911 77 façon, c’est la fin, entre Lyse et moi.

401 431 1832 77 Au retour, Anne monte à l’avant. Tout le long du chemin, elle a une

308 506 1925 77 attitude très réservée. Elle passe son temps à croiser les cuisses quand je

313 585 1920 66 veux lui émouvoir le minet avec mon coude. Je fais semblant de rien. Lyse

308 643 1922 91 pleure à l’arrière. Je les dépose où je les ai prises. Je demande rien à Anne,

310 737 1926 60 ni son téléphone, ni où elle va en classe, afin de la déconcerter, et tout en

313 803 1920 71 sachant que je la retrouverai facilement quand je voudrai; Rouen n’est pas si

313 880 173 71 grand.

401 943 1835 69 Je vais garer la Fiat le long de la Seine et, avant de l’abandonner, j’ouvre

310 1009 1927 77 le coffre pas verrouillé, voir s’il n’y a rien à piquer. Un type un peu

308 1089 1925 71 bedonnant fonce sur moi. Je saurai plus tard qu’il est le propriétaire de cette

310 1152 198 80 chiotte.

412 1223 704 72 — Sale petit voleur ! fait-il.

401 1292 1838 77 Il veut saisir mon col. Je me débats. Il me gifle. L’hurmiliation me met

305 1375 1928 66 hors de moi. J’empoigne dans le coffre la manivelle et je l’abats de toutes

308 1438 1925 77 mes forces sur le crâne du type. Son chapeau est écrasé. Du sang gicle sur

313 1523 1923 63 son front rougeaud. Il titube. Je lui mets un autre coup de manivelle en

313 1597 1926 64 travers de la gueule. Sa mâchoire est décrochée. Il tombe contre le trottoir et

313 1665 1923 70 se fracture le crâne. Deux dockers se ruent sur moi à travers la chaussée, me

310 1738 820 68 tordent les bras et me maîtrisent.

404 1798 1832 77 (Extrait des notes de Jacquie Gouin)... Henri Butron est né le 8

305 1867 1931 80 décembre 1942 à Orléans. Son père, un médecin de trente-huit ans, issu

305 1949 1925 72 d’une honorable famille de Touraine, travaillait le matin dans un dispensaire,

308 2024 1925 66 et l’après-midi dans un cabinet qu’il partageait avec un autre médecin, plus

308 2087 1928 77 âgé que lui. Sa mère était une personne effacée, plutôt laide, oisive et aimant

308 2153 1925 85 les bêtes. La famille a mené une vie extrêmement régulière. Rien ne semble

310 2241 1923 69 avoir prédisposé Henri Butron à la dépravation. Il est fils unique, assez gâté

308 2312 1925 66 certes, mais le ménage Butron est uni, son standard de vie est bon, sans

308 2373 170 74 excès.

404 2444 1832 80 Le jeune Henri Butron est un enfant un peu chétif, mais sain. C’est un

310 2525 1926 79 grand liseur de romans d’aventures. Ses maîtres le jugent un élève intelligent

310 2604 669 63 et discipliné, un peu terne.

401 2673 1832 68 À dix ans, Butron est entré comme externe dans une institution tenue par

308 2741 1658 69 des Jésuites, où il accomplit l’essentiel de ses études secondaires.

404 2805 1832 79 Fin 58, le docteur Butron achète un cabinet à Rouen, où la famille

313 2893 1920 66 s’installe bientôt. Henri Butron entre en cours d’année en classe de seconde
