2550 3300
310 302 1923 63 soupçonnées d'intelligence avec l’ennemi de classe, et le travail du S. l. M.,

310 371 1923 63 sous la direction d’Alonso, était de les faire parler en les battant, en les

316 448 1923 63 violant, en les incisant, en les électrocutant, en les castrant, en les noyant

308 517 1614 66 dans des locaux ingénieusement conçus et en leur coupant la tête.

404 585 1832 72 Le 30 mai 1961, Trujillo le Bienfaiteur se fit cribler de balles sur une

308 649 1928 77 route par un commando dont on rattrapa ultérieurement les membres et

308 717 1928 80 certains complices. Pour Alonso et Elias, les beaux jours étaient finis, ou

310 792 1923 90 presque. Les fils du Bienfaiteur se maintinrent 180 jours, et après eux sous

310 860 1923 83 ia présidence de Balaguer, Alonso et Elias eurent encore le loisir de

310 937 1926 86 préparer les élections de 1962 en massacrant les péquenots de Palm Sola et

308 1014 1928 69 en liquidant le général loyaliste Rodriguez Reyes. Et après l'élection du petit

310 1091 1929 69 démocrate Juan Bosch, Elias le renversa pour mettre à sa place Donald Reid

310 1166 1923 66 Cabrai, représentant à Saint-Domingue la C. I A. et les automobiles Austin.

310 1232 1926 68 Et moins de deux heures plus tard, Elias vit bien qu’il y avait une révolution

308 1292 1925 80 derrière l’ex-flic démocrate Caamano, et il s’en donna à cœur joie avec ses

313 1383 1923 63 tanks, ses Mustang et ses Meteor, surtout contre les faubourgs nord de la

316 1452 1917 66 ville de Saint-Domingue, parce qu'effectivement c’est là qu'était le plus gros

308 1523 1925 66 danger, les milices ouvrières et autres cochons pillant, horresco referens, la

313 1597 1920 72 grande fabrique de bouteilles Pepsi-Cola près du cimetière, pour faire des

310 1669 1926 66 cocktails Molotov. Mais les Américains, qui avaient comme Elias aperçu le

316 1743 1920 61 vrai danger (derrière les proclamations modérées et pour ainsi dire

310 1806 1926 72 kennedyistes de Caamano), et qui conséquemment avaient apporté à Elias un

313 1883 1917 66 soutien absolument déterminant en logistique, armes, munitions, hélicoptères,

310 1941 1923 88 porte-avions, marines, pont aérien (1 539 atterrissages) et cochonnerie de

308 2026 1931 64 merde de corridor “neutre“— les Américains, après la victoire, grugeront

313 2092 1356 72 Elias et l'exileront un moment à Miami. C'est déloyal.

404 2167 1832 68 Mais quant à Alonso, il n’était plus là depuis 1962. Il n’avait pas comme

308 2227 1925 77 Elias le goût du pouvoir, seulement celui du confort. Il avait supervisé le

308 2296 1925 80 départ de la famille du Bienfaiteur, y compris les bagages (le cadavre, les

310 2373 1926 80 archives nationales, l’extraordinaire quantité de pognon). Cela lui avait

310 2458 1926 66 donné des idées. A l’instant où les élections de 62 portaient Juan Bosch au

313 2532 1920 69 pouvoir, Alonso s’envola vers l’exil, où il avait préalablement envoyé de

313 2598 622 77 grandes quantités de blé.

401 2664 1832 75 Peut-être son intelligence se dégrada-t-elle dans les années qui suivirent,

308 2736 1925 74 et qui furrent des années d’errance de plus en plus précipitée. Ou peut-être

310 2805 1929 79 Alonso était-il dès l’origine un demi-crétin. Souverons-nous qu’il n’était

303 2876 1930 91 parvenu, dans son moment de puissance maximum, qu’à une situation de
