2977 4210
582 421 1826 100 Il la fixait dans les yeux sans regarder ce qu’elle

486 521 520 91 lui montrait.

593 610 758 112 — Alors? fit-elle.

578 722 1830 94 Il ne répondait pas. Immobile, il l’observait et la

482 820 309 99 défiait.

578 928 1820 98 Quand elle eut estimé que cela avait assez duré,

482 1036 1916 89 elle prit une autre feuille de papier à dessin, cassa

482 1141 1919 86 un morceau de fusain, l’écrasa, frotta son pouce

482 1241 1914 89 dans la cendre charbonneuse, fit sur le papier blanc

482 1347 1912 98 et granuleux une tache qu’elle étala jusqu’à lui don¬

479 1447 1912 91 ner une forme d’amphore. Mine de rien, elle guet¬

479 1553 1603 100 tait le gamin qui l’observait, le front buté.

573 1658 1821 103 De son petit doigt bien propre, elle fit arriver le

482 1761 1912 103 soleil pour reproduire le reflet de la fenêtre sur

482 1866 1914 103 l’épaule ronde de la poterie. Elle étala et cisela la

479 1974 1910 100 tache lumineuse puis souffla dessus pour balayer

479 2079 1079 100 des fragments de poussière.

711 2182 1673 103 Tu sais, j’ai vu ta bande dessinée sur les

479 2287 866 103 sabbats, elle est super.

587 2388 536 107 — Mon œil!

596 2497 1786 106 – Je t’assure, dit Luna, ce squelette en habit

472 2612 1910 98 et chapeau haut-de-forme entre le gros essaim

472 2713 1910 105 d’abeilles, le coq et le bœuf rouge... Comment

475 2816 1898 112 s’appelle-t-il déjà? Ah oui, le Baron Samdi... Es-tu

472 2921 726 112 déjà allé en Haïti?

559 3038 1168 96 Le gamin émit un ricanement.

634 3141 1736 107 — Non, je n’ai jamais mis les pieds en Haïti

472 3253 1657 100 comme vous dites. Tout ça, c’est du pipeau.

566 3356 1224 105 — Du pipeau joliment exécuté.

599 3463 1764 106 — C’est vous! hurla-t-il. C’est vous qui voulez

470 3576 489 91 mexécuter!

2277 3796 82 51 69
