2977 4210
748 374 1877 98 Son trou d’en bas s’est encore agrandi; il est de

748 467 1873 108 plus en plus crade, de plus en plus gluant et vis¬

746 568 1879 100 queux. Et cette grosse malpropre continue à faire

746 659 1872 108 sous elle. Zéphyrin réunit du papier des brindilles.

744 760 1881 93 Il met trois morceaux de bois dessus et réussit à

744 858 1870 100 faire prendre le feu. Il a aussi déniché une gamelle;

739 958 1884 113 il puise de l’eau dans une petite mare piquetée de

739 1054 1882 113 petites taches d’huile irisées. Il y a des fois, l’hygiène

737 1164 1685 99 on doit s’en taper, il faut aller au plus pressé.

823 1265 1800 98 L’ouverture de la maousse s’élargit, ça devient

730 1368 1888 96 gros comme une balle de tennis. Un peloton quasi

720 1464 1898 110 chauve à part un maigre duvet. Et puis, ça s’élargit

718 1569 1898 98 encore. À présent, c’est comme un petit melon, un

716 1672 1905 96 melon sans cheveux non plus. Alors seulement

720 1770 1894 112 – il faut croire qu’ils ont raison, il me manque des

716 1885 1902 100 marches quelque part– je me rends compte de ce

718 1985 1893 91 qui se passe vraiment. Un beau salaud le lui a mis

718 2088 1900 110 profond, cette grosse vache a chopé l’enceinte et

716 2198 1371 91 maintenant elle est en train de vêler.

802 2301 1812 94 C’est ce que je me dis maintenant et j’en suis vert.

716 2404 1895 112 Je ne peux pas la laisser comme ça. D’ailleurs Zéphy¬

713 2514 1901 103 rin continue de s’activer. Lui aussi, il a compris,

725 2617 1891 107 j’ai trouvé les mots qu’il fallait. Je ne suis ni méde¬

713 2727 1905 107 cin ni sage-femme, mais on sait d’instinct ces

716 2834 1907 96 choses-là. J’essuie mes mains sur mon fute et le

713 2944 1908 105 devant de ma chemise. Je suis en Sologne et je

711 3052 1907 93 revois les mains de la mère Grivot sur son tablier.

716 3157 1907 110 C’était le geste qu’elle faisait quand elle allait vider

713 3272 1908 105 une poule. Elle aimait ça, la Mariette, envoyer ses

711 3377 1907 107 doigts rouges et bouffis dans les volailles; et moi,

718 3482 1900 117 j’adorais la regarder faire. Je ne me lassais jamais

702 3676 91 98 58
