2977 4210
463 442 1856 102 sortit de la cabine téléphonique et s’installa au

465 554 663 93 volant en pestant.

568 652 775 103 — Toujours occupé.

620 753 388 107 — Qui ça?

547 863 1760 91 Rémi démarra sans répondre. Les pavillons, les

465 965 1585 92 HLM et de nouveau les pavillons défilèrent.

627 1073 1156 98 — Si tu m’en disais un peu plus.

547 1176 1215 101 Rémi porta un doigt à ses lèvres.

580 1274 1725 108 – Chut, fit-il en se garant devant la grille

465 1389 1302 84 d’une petite maison assez coquette.

545 1485 1764 100 Ils descendirent et Rémi toqua à la porte. La

465 1590 1837 101 ravissante blonde qui ouvrit parut surprise de le

472 1693 173 96 voir.

582 1786 585 106 — Salut, Odile.

542 1892 1763 93 Manifestement habillée pour sortir, elle le toisa

461 1995 552 91 de haut en bas.

554 2097 1748 108 — On peut dire que ça fait une paye, fait-elle

461 2205 1837 89 mécontente. T’es un peu gonflé de te ramener sans

463 2303 1362 108 prévenir. Surtout que Pierre-Henry...

535 2409 740 100 Rémi l’interrompit.

554 2509 1739 105 — Oui, il est en Afrique, je sais. Tu connais pas

456 2612 1828 101 Cloclo, le cloclodile, un vieux pote à Pierre-Henry

454 2715 1841 96 et à moi, fit-il en lui présentant l’Antillais. Puis à

454 2816 1841 107 Clotaire, désignant Odile: Clotaire, voici Odile.

454 2918 1809 99 Et il ajouta avec un clin d’œil canaille: Une “très“

456 3028 512 103 bonne copine.

533 3127 1762 98 Mimant un accent africain de convention, il mit

456 3234 1390 89 la main aux fesses de la jeune femme.

564 3330 1137 103 — Il te le cloque Odile, ha ha!

531 3433 1750 108 Clotaire, consterné, sourit malgré lui. Odile n’ap¬

454 3536 662 103 précia pas du tout.

2162 3718 133 94 111
