2977 4210
444 383 1842 105 pas pour me déplaire. Après un regard au nègre, Fro¬

444 484 1365 100 mage blanc prend un air décontracté.

447 699 351 91 que nous.

603 587 1688 102 — T’as raison, il fait rigolard, y a pas plus pourri

521 790 347 103 Je rigole.

531 891 1757 103 — Si, la taulière. C’est la plus pourrie. C’est pour

437 996 1851 98 ça que tous les autres lui obéissent... Même Luna.

514 1101 1777 98 Je baisse les yeux. Rémi avance sa main pleine

432 1199 1856 103 de bonbons. Cette fois, je les prends. Boule de

432 1307 1856 91 neige m'observe. Je lui souris, ça le rassure. Je le

435 1408 1853 102 laisse penser ce qu’il veut—peut-être le fait d’avoir

432 1513 1856 100 évoqué Luna—et le fauve est devenu petit chien

437 1618 274 89 battu...

524 1719 1755 102 — Vous ne vous occupez pas de moi, je dis.

442 1821 1830 92 Vous n’arrêtez pas de parler de... parler de... des...

503 1927 936 86 Je me tais et me referme.

514 2025 1760 108 — De quoi? dit Fromage blanc. Des gon¬

423 2130 1856 103 zesses? C’est ça qui te turlupine, hein? (Boule de

423 2235 1851 103 Neige lui lance un regard effaré.) T’en fais pas,

418 2343 1861 110 on va t’en faire connaître, on t’emmènera faire une

423 2441 1851 106 virée... Tu veras, mon lapin... Des nanas à la pelle,

421 2551 1161 91 bien chaudes, bien goûteuses...

496 2656 1582 101 Je pousse un cri de bête et me jette sur lui.

631 2759 1641 106 T’es pas marteau? il piaille en se débat-

416 2872 180 86 tant.

491 2972 1781 105 Le Black l’empêche de me fracasser la gueule.

409 3075 627 110 Il le prend à part.

507 3178 1767 110 — Faut pas lui parler des filles... T’as vu l’effet

407 3295 557 103 que ça lui fait?

479 3396 1788 107 Il a beau chuchoter, j’entends tout. Fromage blanc

407 3508 1348 93 fait oui de la tête et me tend la main.

2146 3695 124 91 153
