2977 4210
800 491 945 110 — Allez allez! Dégage!

741 605 1840 103 Il attendit que son copain tourne les talons pour

650 708 1931 103 suivre la blonde à l’intérieur. Clotaire descendit la

648 844 1935 89 rampe qui menait au garage fermé par une porte

648 928 1931 101 de PVC enrichie de hublots en verre cathédrale. Il

645 1040 1929 94 fit coulisser les soufflets sur leur rail, sortit la Che¬

645 1150 1934 108 rokee, la gara dans la rue, mit la Volks à sa place et

645 1263 1929 102 referma soigneusement le sous-sol. Il n’avait plus

650 1368 548 103 qu’à attendre.

737 1475 1828 96 Installé aux commandes de la Cherokee, il ins¬

652 1585 1915 106 pecta le contenu de la boîte à gants. Il y trouva un

652 1695 1915 103 paquet de cigarettes noir sur lequel étaient une tête

648 1810 1919 79 de mort et deux tibias entrecroisés. La marque DEATH

650 1906 1917 100 informait le consommateur que l’usage du produit

648 2013 1914 101 ne manquerait pas de provoquer son décès à plus ou

650 2119 1912 88 moins longue échéance. Cette mise en garde titilla

655 2217 1903 107 à tel point Clotaire qu’il déchira l’enveloppe de cel¬

650 2327 1908 100 lophane pour humer le poison anglais et il alluma

650 2430 1554 98 une première cigarette à l’allume-cigare.

744 2537 1809 98 S’il prisait la senteur de certaines herbes tropi¬

650 2635 1905 94 cales, il n’aimait pas le tabac. La première bouffée

655 2741 1898 96 le fit tousser mais, au bout d’un quart d’heure, il

659 2853 1899 84 tapotait nerveusement le volant en fumant sa

659 2951 1889 101 deuxième cigarette. Bientôt il en allumait une troi¬

662 3052 1891 103 sième au mégot qui lui brûlait les doigts, et une

659 3150 1889 112 quatrième suivit. Rémi en gigolo de banlieue, il

659 3260 1889 103 trouvait ça tellement nul et, surtout, pas rigolo du

657 3356 1479 105 tout. Il avait bien envie de le planter là.

748 3459 1800 93 Il allait mettre le contact lorsque Rémi sortit de

650 3562 1894 117 la maison, l’air pleinement satisfait, et lui fit signe

650 3660 1114 112 de se glisser sur l’autre siège.

650 3859 136 84 114
