2977 4210
521 395 1922 98 La camionnette s’était arrêtée car le paysan qui les

524 500 1924 87 Véhiculait devait changer de direction. Rémi ct

521 608 1922 86 Clotaire descendirent et la camionnette repartit.

610 711 1550 100 Rémi péta et s’étira. Clotaire le regarda.

659 809 1641 107 — Eh bien? Qu’est-ce qu’il y a ? fit Rémi.

606 921 1678 89 Il rota. Clotaire se détourna et Rémi ricana.

622 1026 1826 110 — Pète, mon lapin, pète, ça ira mieux. (Le pouce

517 1139 1935 95 levé, il faisait signe à une voiture qui ne s’arrêta

521 1239 1927 105 pas.) Mets la main devant ton cul, c’est plus poli.

603 1344 1845 103 Clotaire ne répondit pas. Il paraissait absorbé

512 1452 1931 86 dans la contemplation du calvaire, une croix flan¬

512 1560 1938 100 quée de deux personnages en granit, le tout couvert

512 1662 1929 99 de mousses et de lichens. Tout en essayant d’arrê¬

517 1770 1928 126 ter les voitures, Rémi continuait la provocation.

617 1868 738 106 — Eh bien, dis-le.

617 1978 412 101 — Quoi ?

615 2083 1830 101 — Que tu me trouves vulgaire, comme mec.

607 2182 1688 98 T’es surtout con, dit Clotaire platement.

624 2296 1817 89 — Alabonne heure! (Rémi affichait le ravissc¬

512 2406 1933 89 ment.) OK, je suis con, mais je suis heureux ! Regarde

514 2509 1931 98 donc la nature, les arbres, les petites fleurs! Je

519 2619 1416 87 Suis heureux, heu-reux! HEU-REUX!

617 2720 1826 100 – Non, riposta Clotaire, moi je suis heureux.

615 2830 1826 98 — Ouais, fit l’autre goguenard, tu sues le bon¬

514 2932 1922 89 heur, tu nages dans le bonheur. T’as vu ta tronche ?

606 3042 1837 99 Clotaire quitta le calvaire des yeux pour regarder

519 3143 545 94 Rémi en face.

641 3253 1804 98 – Tu sais ça ? Le bonheur n’est pas gai, mon

517 3360 440 101 P’tit vieux.

608 3459 1833 93 Une bétaillère arrivait. Elle ralentit et s’arrêta.

517 3566 1926 94 Rémi se mit à courir comme un dératé. Il arriva au

2309 3763 139 77 269
