2977 4210
521 416 1910 96 morveux qui ignorent tout du hip-hop de la break¬

519 512 1915 91 dance. La génération McDo, comme disent les

526 624 1912 84 Vieux tromblons. Ils n’ont pas tort. Heureusement

521 725 1386 98 que je suis là pour prendre la relève.

608 825 1816 96 Est-ce que tu as déjà vraiment vu la mer, Luna?

517 926 1910 93 Pas la Bretagne ni la Côte d’Azur, mais l’océan sans

517 1031 1910 91 limites, là où les baleines s’ébattent par milliers, là

514 1136 1910 101 où elles donnent le jour aux baleineaux. C’est pas

517 1244 1912 86 des monstres, les baleines, c’est même gentil tout

517 1349 1902 98 plein, un peu comme dans les livres pour mômes,

512 1450 1907 88 toutes bleues et rondes, qui crachent leur jet d’eau

514 1548 1901 105 par un trou dans leur tête... C’est en face d’elles

512 1655 1900 103 qu’il y a les vrais malfaisants, ceux qui écument les

512 1779 1737 71 mers et les traquent avec leurs navires-usines.

601 1868 1809 94 Revenons à mes moutons, ceux qui courent,

510 1967 1544 98 sautent et déferlent à la crête des vagues.

601 2065 372 93 L’Océan.

599 2177 1811 98 Imagine-le pour de vrai. En scope couleur

507 2280 1901 91 DELUXE, THX, 3 D, odorama of course, moins la

503 2388 1902 93 musique-heureusement! — mais, avec le vent, le

510 2493 1062 84 sel et les embruns en prime.

608 2591 1790 101 Tu y es, Luna?... Eh bien, c’est là qu’on est.

589 2907 1807 84 Bientôt trois mois que j’ai posé mon sac sur la

496 3003 1898 103 Sainte-Pélagie. Il y a belle lurette qu’on a dépassé

500 3110 1753 87 les Canaries et que l’on zone dans les Antilles.

585 3213 1806 101 Douze mômes, sept garçons, quatre filles, et deux

491 3314 1900 100 adultes, ça fait une sacrée arche de Noé! C’était la

493 3419 1894 105 première fois que je mettais le pied sur un voilier.

491 3534 1898 117 Je ne pensais pas que ça pouvait bouger autant. Au

2258 3711 133 82 285
