2977 4210
1064 914 770 96 MAUX D'ENFANT

877 1029 1156 86 SOUVENIRS D'EN FRANCE

1497 1333 911 110 Kn 3-face B(suite)

592 1548 1402 98 Je vous ai bien niqués, mes salauds!

594 1651 1818 100 Une fente dans la nappe, c’était rien à faire avec

498 1761 1910 96 11iOn crochet et, par ce putain de trou, j’ai tout maté.

498 1859 1912 105 Quand j’ai vu Fromage blanc filer à l’anglaise avec

500 1964 1910 94 Sa pécore, je me suis défilé dans la cour derrière

498 2074 1912 84 cux. Puis Boule de neige à suivi avec la mariée.

500 2179 1908 85 lls se sont mis à courir, chacun remorquant sa cha¬

498 2282 1910 87 cune, l’épousée tous voiles au vent sous la lune.

500 2385 1912 103 Une sacrée imagerie pour la Valse brune, bouquet

500 2488 749 89 inal de l’orchestre.

589 2598 1823 98 J’ai maté tout ce qui s’est passé. J’en ai eu plein

498 2703 1191 84 les mirettes de leurs saloperies.

585 2804 1823 91 Ensuite, c’est le petit matin. Les premières lueurs

493 2909 1915 98 du jour pénètrent dans la grange. Un coq chante

496 3012 1909 89 au loin. J’entends un bruit de foin froissé, des

496 3120 1909 93 halètements. Je suis couvert de brins d’herbe sèche,

503 3225 1905 100 j’en ai jusque dans les yeux. A travers ce foutoir,

496 3330 1912 98 je crois voir dans un cauchemar le buste et la tête

493 3431 1912 89 d’une femme en blanc s’élever et se baisser. Je me

498 3538 1910 101 rends compte que la mariée est à cheval sur Boule

2277 3730 138 77 209
