2977 4210
713 467 1845 110 lui-même, il s’énerve de plus en plus et je sais que

716 580 1193 100 je ne vais plus pouvoir l’arrêter.

798 687 1753 103 C’est ce que Luna a compris depuis longtemps,

706 790 1847 103 et elle se croit obligée d’intervenir. Cette sangsue

706 893 1852 105 dégouline de tendresse. Moi, j’ai le défaut de ne

711 1003 1847 105 pas être idiot. Il paraît que j’ai été autiste, comme

711 1110 1844 96 Vous dites. Alors, mettons que je le suis encore,

706 1218 1852 96 autiste. Je ne peux, je ne veux rien saisir de votre

706 1319 1847 103 blabla péroré n’importe quoi. J’ai le mien de jar¬

709 1424 1844 100 gon, je suppose, et tout aussi imbitable. La diffé¬

704 1536 1849 94 rence c’est que je me fous d’être compris puisque,

706 1634 1852 103 si intelligent que je sois, je n’entrave que dalle à

704 1740 1847 96 ma propre personne. Et c’est normal, si vous pre¬

704 1840 1851 91 nez la peine de réfléchir! Vous pouvez concevoir

706 1945 1852 108 pourquoi mais est-ce que le hérisson comprend

706 2041 1842 113 pourquoi il se met en boule à l’approche du dan¬

711 2147 1842 105 ger. Je suis hérisson et je n’en peux plus d’être

711 2254 335 103 compris.

903 2345 1641 106 Tu n’as pas dit bonjour à Rémi, Philippe.

800 2453 1744 98 La voix calme et plate, c’est ça son intervention.

725 2551 1816 94 Je croche la main de Rémi et la serre de toutes

723 2652 1821 86 mes forces. Je suis très costaud comme môme, c’est

727 2752 1814 99 pour ça que, dans la taule à la mère Bonpied, on

720 2851 1814 100 me craint et je suis devenu expert pour broyer les

725 2956 1053 93 mains, je m’entraîne pour ça.

882 3045 1030 105 - C’est qui qui conduit, lui?

805 3150 1600 98 Je dresse mon pouce pour montrer Clotaire.

877 3253 445 93 — Non, moi.

805 3349 1724 96 Je pousse alors du pied une valise vers le Black

720 3459 691 98 et je le commande.

861 3559 959 103 – Bon, alors porte-moi ça.

718 3735 133 89 122
