2977 4210
390 456 1969 105 des trois autres qui s’empiffrent, son air accablé la

388 558 1968 103 rend fragile. Elle chuchote des trucs à l’oreille de

390 673 1966 98 l’ours. Je lui souris dans la vitre. Je me sens très

386 790 1975 98 loin, dans un autre monde. La gamine m’a vu et

386 902 1970 89 elle répond à mon sourire. Nous sommes passés

386 1010 1973 93 tous les deux de l’autre côté du miroir. Tout en me

381 1122 1975 105 regardant, elle se penche vers le panda et continue

381 1234 1978 106 de lui parler tout bas, je me demande ce qu’elle peut

383 1347 677 89 bien lui raconter.

470 1457 1879 93 Ses vieux continuent de bâfrer en vidant des

376 1567 1971 105 chopes de bière. Personne ne nous prête attention,

393 1679 1959 107 l’ai l’impression de naviguer en plein rêve. Elle lève

379 1791 1970 101 la tête et sourit à mon reflet. Le genre de sourire

379 1901 1973 105 qu’on adresse du bateau qui s’éloigne à quelqu’un

374 2009 1978 96 resté sur le quai. Je ne peux cesser de la regarder. En

372 2121 1980 103 retour, elle agite une des patounes du panda dans ma

374 2228 1973 94 direction. Je salue le bestiau en agitant la main. Les

376 2343 1971 103 parents ne voient rien et ne cessent de s’en foutre

374 2448 1973 110 plein le bide. J’aperçois en revanche Blanc-bec qui

374 2582 1973 84 se penche vers son pote en se marrant comme un

372 2671 1973 109 bossu. Je ne peux l’entendre mais j’imagine qu’il lui

369 2787 1978 106 dit quelque chose du genre, vise un peu, Cloclo, y a

369 2897 1973 106 Philippe qui drague un nounours, un vrai fêlé, ce

367 3007 1971 106 mõme... Ouais, des fois, vaut mieux la compagnie

369 3120 1732 105 d’une peluche que des cloches de votre genre.

454 3230 1884 98 Je suis à cran. Finies les rêvasseries dans le

367 3339 1961 106 miroir; je regarde la petite fille droit dans les yeux;

374 3452 1954 107 je pense: plantons-les tous là et foutons le camp

372 3564 1952 101 ensemble. Comme si elle avait compris le mes¬

374 3672 1957 91 sage, la gamine secoue soudain la tête de droite à

374 3779 1950 108 gauche, plusieurs fois, puis elle enfouit la tête dans

2197 3973 129 89 157
