2977 4210
648 435 1898 107 Luciole accrochée au plafond se balance au-dessus

648 540 1896 91 de ma tête en projetant des ombres bizarres sur les

652 650 349 84 cloisons.

737 746 1809 100 Pour tout dire, je ne me sens pas très bien. Tout à

648 849 1891 102 l’heure je me suis regardé dans la glace du lavabo.

645 965 1899 92 Je n’ai jamais eu le teint aussi pâle et mes yeux

645 1059 1896 112 sont cernés. Il y a devant moi le magnétophone

645 1167 1894 96 qui nous a servi à engranger le chant des baleines

643 1267 1891 98 et un casier rempli des cassettes que je viens d’enre¬

648 1370 1647 98 gistrer. Elles s’entrechoquent avec le roulis.

727 1475 1817 101 Le magnétophone tourne et je tire sur mon joint

641 1581 1900 95 en te parlant. La mer est calme, le silence presque

645 1684 1896 86 total. Les lueurs du petit jour traversent le hublot

638 1784 1896 101 crado. De temps à autre, je regarde dans sa direc¬

641 1894 1896 98 tion et je me rappelle que j’ai encore quelques

636 1997 1896 98 rangements et un peu de ménage à faire pour réus¬

643 2102 1898 94 sir ma sortie. Quand j’aurai tout fini, je hisserai

641 2196 1898 100 l’oriflamme et, plantant là le voilier-les blaireaux

641 2308 1891 91 qui le trouveront auront ainsi de quoi causer! —

655 2406 1584 105 j'utiliserai le zodiac pour regagner la côte.

718 2509 1816 94 Oma Lune, c’est mon anniversaire. Eh oui, j’ai

636 2617 1896 86 aujourd’hui treize ans et je viens de finir mes Mé¬

634 2717 1895 89 moires. Maux d’enfant, souvenirs d’en France...

636 2823 1901 100 lci se termine la dernière bande enregistrée par le

636 2923 915 112 petit Philippe Topineau.
