2977 4210
755 428 1760 88 Eux aussi ils savent que je prends bien soin d’eux.

662 521 1851 110 Déjà, ils s’approchent du berceau, ils vont faire

664 626 1847 96 leur travail, mes frères les rats. La nuit est longue

664 741 1842 91 mais je leur donne pas cinq minutes pour tout net¬

667 834 1841 106 toyer. Les os, à cet âge-là, ce n’est pas solide. À peine

664 940 1842 103 du cartilage. Bon, il y a bien le crâne mais, par les

664 1040 1842 92 fontanelles, on pénètre là -dedans comme dans du

667 1143 1841 89 beurre. Mes braves gaspards auront vite fait le

664 1248 1842 101 curetage et, mis en appétit, finiront de ronger le

667 1347 1832 91 reste de la coquille. Mes copines les mouettes

669 1450 1839 103 ont le bec dur et acéré: quand il fera jour, s’il le

671 1553 1833 93 faut, elles termineront la vidange. Et s’il en reste

674 1665 353 82 encore...
