2977 4210
751 432 1748 96 — Un banana split, une tarte à la noix de coco

641 537 1860 89 et un chocolat chaud avec de la chantilly. Avec un

643 643 981 89 max de chantilly dessus...

730 748 1771 89 Ma commande annoncée, je reviens au défilé

636 853 1865 91 des voitures. Fromage blanc hèle la serveuse qui

641 963 1860 87 arive dans son petit uniforme american style et il

638 1066 1861 98 passe la commande. Je continue d’annoncer les

641 1176 1856 91 caisses. Bientôt, ¡’en ai ma claque et, mine de rien,

643 1277 1854 112 je commence à mater dans la glace tout ce qui se

648 1384 756 94 passe dans le restau.

730 1482 1762 103 Je vois rappliquer une petite fille brune, fine,

638 1590 1854 98 mignonne à croquer. Elle porte des escarpins ver¬

638 1693 1854 86 nis et une robe blanche toute simple. Suivie de

643 1796 1849 98 Sa mère, une grosse oxygénée boudinée dans une

641 1894 1846 101 robe à fleurs affriolante, elle vient de sortir des toi¬

645 2004 1847 86 lettes pour rejoindre à deux tables de nous le reste

641 2105 1849 98 de la famille : l’ancêtre à cheveux violets, peau

641 2205 1849 105 liftée à mort, la grand-mère probablement, avec,

641 2308 1844 94 assis à sa droite le père, un malabar ventru et rubi¬

638 2413 1845 89 cond en costard bleu électrique. Sa veste est ava¬

641 2521 1846 84 chie sur le dossier de sa chaise, il porte sous son

638 2621 1845 89 col rose desserré une cravate à ramages et une che¬

636 2724 1854 89 mise ivoire moirée de motifs en relief qui la font

638 2830 1852 88 ressembler à un plumage. Tous deux dévorent la

641 2937 1842 87 choucroute spéciale autoroute sans lever les yeux.

727 3040 1753 98 Barrique-mother se vautre sur l’assiette qui l’at-

638 3159 1845 73 tend, écarte choux et patates pour se jeter sur son

638 3246 1842 103 Jarret de porc. La petite fille s’assoit du bout des

634 3349 1851 103 fesses sur son siège à côté d’un gros panda en

636 3454 1847 101 peluche. On lui apporte une crème brûlée et un vere

631 3557 1849 101 de Coca-Cola. Elle ne mange ni ne boit et, en face

634 3737 128 91 156
