2977 4210
807 470 772 108 — Et l’enregistrer?

795 580 1784 100 Ils se regardèrent. Clotaire se rappelait les plans

706 678 1875 103 débiles: l’émission de radio, l’enregistrement des

709 783 358 89 délires...

814 881 1765 103 — Ce qu’on peut être con, des fois, dit-il en se

706 989 445 89 détournant.

793 1089 1786 89 Rémi lui tapa affectueusement sur l’épaule. Ils

704 1197 929 89 revinrent vers la voiture.

807 1293 1772 100 – Allez, fais pas la gueule, il va dormir, tu vas

711 1396 192 91 voir.

791 1494 1783 105 Il sourit et Clotaire se força à répondre à son sou¬

702 1597 1870 105 rire. En les entendant ouvrir la portière, Philippe

709 1702 1701 89 Ouvrit les yeux et hocha la tête d’un air pénétré.

847 1798 1718 101 — Dormir. Oui! Absolument! Dormir! Oui!

704 1896 213 106 Oui!

788 2004 1788 91 C’est ca qui aurait dû alerter Clotaire; le môme

702 2109 1879 101 répétait leurs paroles, mécaniquement. Il parlait

702 2214 1870 87 comme un zombie mais n’obéissait en rien. Fina¬

702 2315 1874 87 lement, tandis qu’ils roulaient sur cette route de

704 2420 1870 96 Mayenne, le gamin reprit ses rangements et ils

702 2521 1357 96 n’eurent pas le courage d’intervenir.

788 2619 1788 89 Rémi conduisait en silence, Clotaire rêvassait et

699 2722 1187 101 Philippe faisait ses rangements.

800 2820 1769 103 – Vous en faites pas, marmonnait-il... J’vous

699 2930 850 91 raterai pas, les mecs...

788 3028 1779 94 Rémi regarda Clotaire, interrogateur. Celui-ci,

702 3136 1870 96 sans se retourner, appliqua son index, toc toc,

695 3234 1881 98 contre sa tempe. Il alluma une cigarette au mégot

695 3332 395 87 de l’autre.

793 3428 1774 108 – Fichue balade, dit Rémi après quelques kilo¬

692 3538 1875 122 mètres. Regarde un peu la carte, on a dû se paumer.

692 3723 131 80 174
