2977 4210
751 556 1872 91 S’énerve, il ne connaît plus sa force, il me fait une

835 460 1786 87 Je me débats comme un diable. Boule de neige

748 657 1735 89 clé. Jai l’impression qu’il va me péter le bras.

858 755 1765 87 — M’sieu! M’sieu! Ils m’ont enlevé! Ils veu¬

748 858 1178 86 lent pas me ramener chez moi!

835 956 1793 87 Le pécore s’adosse au mur, braquant son fusil

751 1052 1259 89 sur nous. Le Canard lève la main.

854 1153 1774 100 – On est des infirmiers psychiatriques, il dit

748 1251 1868 96 d’une voix hoquetante, on emmène le môme...

840 1354 1778 93 Le bouseux, qui nous a toisés de haut en bas,

751 1452 1144 98 l’interrompt de sa grosse voix.

910 1550 1093 96 — C’est pas une heure pour...

837 1648 1599 96 Je le coupe à mon tour par des hurlements.

854 1747 1760 96 — Menteurs ! je crie. C’est que des menteurs!

753 1843 1856 91 C’est pas des infirmiers, c’est des pédophiles...

837 1945 1777 99 Je me rends compte que le péquenot ne doit pas

753 2051 1133 89 savoir ce que c’est, je rectifie:

849 2140 1767 98 — Ce sont des tantouses, des pédales prout-

748 2238 1192 100 prout!... Ils veulent me violer!

833 2336 1785 91 Je suis content de ma trouvaille. Je me mets à

746 2441 1870 94 leur place: brusquement, pour eux, c’est l’horreur.

748 2540 1866 95 Ils n’ont pas de papiers prouvant quoi que ce soit.

746 2633 1870 91 Je suis mineur. Rémi a l’air d’un apache et Clotaire

748 2738 513 94 est un nègre!

830 2834 1791 84 De saisissement, Boule de neige a desserré son

741 2932 1884 99 étreinte. J’en profite aussitôt pour m’échapper et

746 3033 1872 96 sortir en courant de la grange. Mais à peine dans

746 3134 1870 96 la cour, je reviens en catimini pour mater et je vois

746 3230 1021 98 le plouc qui arme son fusil.

887 3325 1729 96 — Fumier de lapin !... Drôles d’infirmiers,

751 3426 1863 98 Vingt dieux!... M’avez tout l’air de voyous, oui!

751 3529 1336 103 J’m’en vas appeler la gendarmerie!

751 3709 133 80 180
