2977 4210
837 472 1299 101 — Vous allez me trouver stupide.

826 577 398 96 — Dites.

824 673 924 95 – Je vous aime. Luna.

814 788 1844 91 Elle éclate de rire en grelots. Il se redresse, vexé.

905 898 1007 96 — Vous ne me croyez pas?

812 994 1441 93 Elle a du mal à maîtriser ses hoquets.

872 1099 1791 100 — C’est une idée à vous? une idée à vous ou à

720 1209 1931 98 Rémi ? C’est un truc de dingue ou de pervers?

723 1312 1095 103 Qu’est-ce que vous voulez?

823 1419 953 98 – Retrouver mon pote.

819 1520 1830 103 – Jolie façon de procéder. Et tellement gro¬

718 1632 1938 96 tesque... Je saute sa nana, je me débrouille pour

716 1733 1933 103 que mon copain le sache. Il revient fou de jalou¬

718 1838 1938 100 Sie à l’idée que je baise avec une autre et on vit

716 1941 1926 91 d’émouvantes retrouvailles. Point final. Philippe

716 2053 1931 84 à raison, c'est une jolie histoire d’amour entre

713 2149 279 91 mâles.

821 2250 1126 107 — Vous me traitez de pédé ?

816 2362 1168 100 – Oh, c est vous qui le dites.

812 2462 1820 106 – Et vous, pourquoi m’avez-vous fait venir?

826 2572 1809 101 — Rappelez-vous. C’est vous qui m’avez télé¬

716 2678 1926 98 phoné au moment où l’on a découvert ce navire à

718 2778 1921 96 la dérive au large du Canada. Vous vous refusiez à

716 2886 1916 110 penser que Philippe ait pu vouloir se noyer. Vous

713 2996 1917 96 étiez sans nouvelles de Rémi et vous m’avez appe¬

718 3103 1914 96 lée pour retrouver sa trace. Je vous ai dit que j’avais

716 3208 1916 99 rompu avec lui et que j’ignorais où il était passé.

732 3307 1283 100 Vous m’avez laissé votre numéro.

844 3417 1793 98 – Seulement au cas où vous sauriez ce qu’il

713 3520 1318 100 était devenu. Vous ne le savez pas.

816 3620 529 101 — D’accord.

706 3805 145 89 222
