2977 4210
713 451 1877 100 Je l’ai empoigné une fois de plus par les cheveux en

716 554 1872 98 le regardant droit dans les yeux: “Bon, ça suffit,

711 654 1325 101 Philippe. Tu te calmes maintenant.

868 996 1720 100 — J’appliquais à la lettre votre recette, explique

711 1099 1631 98 Clotaire. Une façon qui m’avait déjà réussi.

812 1199 1771 99 — Et cette fois, ça n’a pas marché, dit calme¬

706 1302 1882 96 ment Luna. (Il n’y a aucune interrogation dans sa

718 1422 236 81 VoIX.)

814 1501 1772 101 — Non, dit Clotaire. Philippe est devenu fou

709 1609 1872 98 furieux. Il balançait des coups de poing dans le

706 1705 1870 107 plafond, hurlait comme jamais. J’étais complète¬

709 1812 718 96 ment désemparé...

877 1910 805 101 — Qu’avez-vous fait?

795 2016 1779 100 Maintenant, c’est une question qu’elle a posée.

837 2112 1103 98 — Je lui ai lâché les cheveux.

849 2210 440 103 — Et alors?

877 2317 1690 106 — Rémi a jugé d’un coup d’œil la situation et

706 2418 974 108 a pilé à la lisière d’un pré.

1628 2757 24 68 *

877 3000 962 99 — J’aime la nuit, dit Luna.

791 3108 730 96 Clotaire acquiesce.

812 3204 1750 100 — Oui. “Jaime la nuit." C’a été de fait ses pre¬

704 3314 1865 84 miers mots... Oui, j’ai le sentiment que ce sont les

704 3412 1865 103 premiers vrais mots de Philippe dont je pourrai

704 3527 814 86 toujours me souvenir.

702 3690 128 82 170
