2977 4210
975 914 756 94 MAUX D’ENEANT

786 1012 1137 105 SOUVENIRS D’EN FRANCE

1401 1326 885 110 K7 n°2-face A (suite)

439 1541 1859 103 Pendant encore trois bonnes minutes, des cris de

439 1646 1856 101 mouettes sont seuls à occuper la bande, puis la

447 1751 987 106 voix de Philippe reprend:

444 2060 1854 103 J’ai applaudi de toutes mes forces. Que je te bats

442 2168 1858 98 des mains et que je te bats des mains!... Je n’arrête

444 2268 1854 103 pas de claquer les paumes l’une contre l’autre; je

444 2376 1861 96 continue et je continue, ça n’a pas de cesse. Quand

444 2479 1856 100 je commence comme ça, la machine se met en

444 2577 1856 89 marche, le temps s’arrête. Moi qui ai fui ma famille

444 2682 1849 98 comme la peste, je m’esbigne encore. Je m’échappe,

442 2780 1851 89 m’écharpe, je m’oublie et m’évanouis. Je m’évade

442 2883 1853 103 de ce vieux Topineau Philippe pour être bien sûr

442 2986 1846 101 que j’ai trucidé mes vieux et estourbi toute la Topi¬

442 3089 1851 91 nerie. Enfin libre, Hérisson rouge s’esquive dans

442 3194 1851 103 la forêt; il court longtemps, ne s’arrête que pour

437 3295 1851 91 souffler. Alors, il commence à se balancer, à tour¬

435 3405 1851 93 nicoter sur place, puis s’excite. Il gire, pirouette,

437 3503 1847 101 tourbillonne. Enragé, il tourne et retourne sur

2162 3683 131 94 121
