2977 4210
814 542 1851 101 vait. “Putain! Sans arrêt occupé, ce con." Luna

894 439 1762 101 Derrière eux, toujours au téléphone, Rémi s’éner¬

809 650 1854 105 poursuivait, expliquant que le gamin avait une

812 755 1505 101 passion, les insectes, les abeilles surtout.

809 963 712 105 cupe d’apiculture?

933 858 1730 103 “Alors vous l’envoyez chez un prêtre qui s’oc¬

973 1068 646 96 — Si vous voulez.

915 1169 1750 103 — C’est le môme qui l’a demandé ? s’est enquis

812 1270 344 95 Clotaire.

919 1375 1749 103 — Il est d’accord. En fait, cest lui qui en a eu

816 1482 1854 99 l’idée... Nous avons un peu partout des lieux et

814 1583 1847 96 des correspondants bénévoles. Pour ces gosses-là,

814 1686 1835 98 on se méfie de tout ce qui est éducateur, psy, spé¬

816 1789 1842 98 cialiste. On ne veut pas leur apprendre à mourir,

819 1892 496 79 mais à vivre.“

905 1983 1753 89 Des éclats de conversations téléphoniques leur

821 2088 1833 98 parvenaient. “J’vais pas la bouffer, ta caisse pour¬

821 2186 1833 99 rie! Un déménagement, j’te dis, et un jour seule¬

823 2287 1058 96 ment. Fais pas chier, merde!“

903 2383 1753 98 Clotaire a demandé si le gamin était vraiment

826 2490 1830 96 perturbé et qu’est-ce que les psys entendaient par

826 2586 1828 99 là. Luna lui a répondu qu’il était, mettons, assez

823 2685 492 88 imprévisible.

938 2780 1709 92 “Allez, ciao !“ fit Rémi en raccrochant le télé¬

821 2890 1828 94 phone. Il est revenu vers eux, la mine contrariée.

821 2991 1828 89 Ayant entendu la fin de leur conversation, il a joué les

821 3094 1828 96 provocateurs: “Nous deux, on n’est pas du genre à se

823 3194 1824 89 laisser marcher dessus... Moi, les morpions, je sais

823 3300 1802 96 les prendre. Peut pas être pire que moi à son âge.“

905 3398 1742 96 Son jeu a fonctionné. Luna n’a pu qu’afficher un

821 3496 1818 105 air un peu inquiet. “C’est un enfant malade, Rémi.

821 3674 126 96 104
