2977 4210
765 449 1802 98 Tu vois, nous, on ne fait pas de racisme, on ne fait

765 542 1800 115 pas le tri des ordures, on les ramasse pour les flan¬

762 643 1803 117 quer ensemble au dépôt. Mais, cool, hein? Si tu

765 753 1800 110 touches ton collègue, on vous démolit.“ Nous nous

765 858 1802 100 sommes retrouvés face à face, Rémi et moi. Moi

765 963 1802 108 adossé au mur de ciment, lui contre le grillage de

765 1068 1800 99 la cage voisine où somnole une clocharde demi-

765 1183 1807 101 jeune. Les pas des flics se sont éloignés. Quand

762 1291 1805 81 leurs exclamations et leurs rires gras nous parvien¬

760 1389 1814 86 nent de la pièce à côté, nous nous regardons, lui et

758 1492 1814 84 moi. Il sourit, secoue la tête et murmure comme

765 1588 1807 107 pour lui-même: “Petit flicton... Tout petit flic¬

762 1698 1810 98 ton..." Je me retiens de ne pas lui flanquer ma

765 1800 1809 89 main sur la figure. Alors, il éclate de rire. Je le

767 1908 1809 96 regarde pour savoir si c’est du lard ou du cochon

767 2006 1807 91 et je me marre à mon tour. Il me dit: “Hé, comment

769 2109 1805 103 que tu t’appelles, flicton?“ Je prends mon air le

774 2219 1795 98 plus mauvais et j’en rajoute pour qu’il comprenne:

798 2313 1771 96 “Et toi, Ducon“ Il sourit et me tend la main:

800 2418 1774 93 “Moi, c’est Rémi.“ Mais, au moment où je vais la

779 2521 1790 93 serrer. il la retire. “Hé! me touche pas, hein?“ Il

779 2628 1795 89 imite la voix de l’autre emmanché-si tu touches

779 2727 1760 93 ton collègue, on vous démolit! “Ils t’ont fait mal?“

784 2832 1760 103 il demande. Je me palpe le front. “Ça va... et toi?“

781 2935 1795 89 Rémi fait la même chose: “Correct, merci.“ Nous

781 3042 1791 99 nous marrons tous les deux et cherchons la posi¬

786 3143 1790 101 tion la moins inconfortable pour prendre notre mal

786 3244 1793 100 en patience. Dormir peut-être... On est réveillés

793 3344 1783 101 par le bruit d’une bousculade. Un poulet déboule,

793 3449 1786 96 précédant une horde de Maliens et autres Africains.

791 3550 1788 112 Le flicard fait sonner ses clés contre le grillage et

793 3732 89 82 90
