<?xml version="1.0" encoding="UTF-8"?>
<alto xmlns:xsi="http://www.w3.org/2001/XMLSchema-instance"
      xmlns="http://www.loc.gov/standards/alto/ns-v4#"
      xsi:schemaLocation="http://www.loc.gov/standards/alto/ns-v4# http://www.loc.gov/standards/alto/v4/alto-4-2.xsd">
  <Description>
    <MeasurementUnit>pixel</MeasurementUnit>
    <sourceImageInformation>
      <fileName>page_00179.png</fileName>
      
    </sourceImageInformation>
  </Description>
  
  <Tags>
    <OtherTag ID="BT10605" LABEL="MainZone" DESCRIPTION="block type MainZone"/><OtherTag ID="BT10606" LABEL="NumberingZone" DESCRIPTION="block type NumberingZone"/><OtherTag ID="BT10607" LABEL="RunningTitleZone" DESCRIPTION="block type RunningTitleZone"/><OtherTag ID="BT10608" LABEL="QuireMarksZone" DESCRIPTION="block type QuireMarksZone"/><OtherTag ID="BT10609" LABEL="CustomZone" DESCRIPTION="block type CustomZone"/>
    <OtherTag ID="LT4159" LABEL="DefaultLine" DESCRIPTION="line type DefaultLine"/><OtherTag ID="LT4160" LABEL="HeadingLine" DESCRIPTION="line type HeadingLine"/><OtherTag ID="LT4161" LABEL="default" DESCRIPTION="line type default"/>
  </Tags>
  
  <Layout>
    <Page WIDTH="2977"
          HEIGHT="4210"
          PHYSICAL_IMG_NR="176"
          ID="eSc_dummypage_">
      <PrintSpace HPOS="0"
                  VPOS="0"
                  WIDTH="2977"
                  HEIGHT="4210">
        
        <TextBlock HPOS="433"
                   VPOS="347"
                   WIDTH="1996"
                   HEIGHT="3325"
                   ID="block_0"
                   TAGREFS="BT10605">
          <Shape><Polygon POINTS="2429 347 2429 3672 433 3672 433 347"/></Shape>
          
          
          <TextLine ID="eSc_line_4b3cd7ac"
                    TAGREFS="LT4161"
                    BASELINE="643 453 2391 460" 
                    HPOS="641"
                    VPOS="385"
                    WIDTH="1750"
                    HEIGHT="103">
            <Shape><Polygon POINTS="2373 404 2354 399 2043 390 2040 390 2038 390 2036 390 2017 402 2005 409 1944 402 1916 399 1914 399 1912 399 1905 402 1879 411 1853 402 1820 390 1818 390 1816 390 1451 404 1277 409 1252 404 1186 388 1184 388 1099 397 1055 385 1053 385 1050 385 1048 385 999 404 992 406 978 404 898 390 896 390 894 390 849 404 842 406 837 404 802 385 800 385 730 385 727 385 725 385 723 385 699 404 695 406 643 406 643 453 641 467 762 484 765 484 987 472 1055 486 1057 486 1165 474 1261 486 1263 486 1266 486 1298 474 1315 488 1317 488 1319 488 1322 488 1324 488 1364 474 1397 486 1399 486 1401 486 1460 474 1490 488 1493 488 1495 488 2389 479 2391 460 2389 404 2373 404"/></Shape>
	    <String CONTENT="— Tu te répètes, à remarqué paisiblement"
                    HPOS="641"
                    VPOS="385"
                    WIDTH="1750"
                    HEIGHT="103"
                    WC="0.9709849940104918"></String>
          </TextLine>

          
          
          <TextLine ID="eSc_line_3159fd37"
                    TAGREFS="LT4161"
                    BASELINE="479 563 844 563" 
                    HPOS="479"
                    VPOS="481"
                    WIDTH="365"
                    HEIGHT="117">
            <Shape><Polygon POINTS="479 563 479 580 657 598 659 598 844 580 844 563 844 512 685 505 662 484 662 481 659 481 657 481 601 481 599 481 596 481 594 481 594 484 578 498 561 484 561 481 559 481 557 481 554 481 479 493 479 563"/></Shape>
	    <String CONTENT="Philippe."
                    HPOS="479"
                    VPOS="481"
                    WIDTH="365"
                    HEIGHT="117"
                    WC="0.9727794064415826"></String>
          </TextLine>

          
          
          <TextLine ID="eSc_line_ce7ff66d"
                    TAGREFS="LT4161"
                    BASELINE="566 666 2389 671" 
                    HPOS="564"
                    VPOS="596"
                    WIDTH="1825"
                    HEIGHT="103">
            <Shape><Polygon POINTS="566 666 564 680 688 696 690 699 931 699 931 696 933 696 936 696 952 685 1406 696 1408 696 1785 687 1902 699 1905 699 2387 685 2389 671 2389 617 2347 598 2345 598 2342 598 2143 615 2125 617 1724 617 1715 610 1696 598 1694 598 1692 598 1689 598 1635 610 1621 612 1607 610 1572 598 1570 598 1568 598 1565 598 1532 608 1509 615 1413 615 1406 608 1394 598 1392 598 1390 598 1387 598 1385 598 1359 608 1343 612 1212 612 1202 605 1181 596 1179 596 1060 596 1057 596 1055 596 1053 596 1043 603 1032 612 1018 603 1004 596 1001 596 999 596 997 596 975 603 947 612 566 601 566 666"/></Shape>
	    <String CONTENT="Le poing de Rémi est parti. Je suis parvenu à le"
                    HPOS="564"
                    VPOS="596"
                    WIDTH="1825"
                    HEIGHT="103"
                    WC="0.9881918776035309"></String>
          </TextLine>

          
          
          <TextLine ID="eSc_line_a0d78f1d"
                    TAGREFS="LT4161"
                    BASELINE="472 776 2396 771" 
                    HPOS="470"
                    VPOS="704"
                    WIDTH="1926"
                    HEIGHT="102">
            <Shape><Polygon POINTS="472 776 472 795 589 795 608 806 610 806 613 806 615 806 678 795 1399 806 1401 806 1404 806 1432 792 1434 792 1437 792 1500 804 1502 804 1575 792 1582 792 1699 792 1701 792 1715 804 1717 804 1720 804 1722 804 2394 790 2396 771 2391 720 2073 720 2071 718 2054 704 2052 704 2050 704 2047 704 1979 718 1972 720 1706 720 1701 715 1680 704 1678 704 1675 704 1673 704 1603 715 1586 718 1568 715 1479 704 1476 704 1422 715 1406 718 1373 715 1282 706 1280 706 1277 706 1256 715 1242 722 1029 722 1011 713 989 706 987 706 985 706 924 713 870 720 856 713 842 706 840 706 837 706 835 706 809 713 784 720 470 713 472 776"/></Shape>
	    <String CONTENT="bloquer et je lui ai expliqué que le gamin n’y pouvait"
                    HPOS="470"
                    VPOS="704"
                    WIDTH="1926"
                    HEIGHT="102"
                    WC="0.9880162542516535"></String>
          </TextLine>

          
          
          <TextLine ID="eSc_line_40e4546c"
                    TAGREFS="LT4161"
                    BASELINE="470 879 2384 872" 
                    HPOS="468"
                    VPOS="804"
                    WIDTH="1916"
                    HEIGHT="94">
            <Shape><Polygon POINTS="470 879 470 898 2382 891 2384 872 2380 825 2230 825 2188 804 2185 804 2183 804 2181 804 2178 804 2160 820 1972 823 1912 804 1909 804 1907 804 1905 804 1902 804 1879 823 1825 823 1411 806 1408 806 1406 806 1404 806 1378 827 1177 827 1116 806 1114 806 1111 806 1109 806 1107 806 1081 827 664 809 662 809 659 809 657 809 631 830 468 830 470 879"/></Shape>
	    <String CONTENT="IIen. Et lui, ivre de rage. “S’il était seulement bran¬"
                    HPOS="468"
                    VPOS="804"
                    WIDTH="1916"
                    HEIGHT="94"
                    WC="0.9712436944246292"></String>
          </TextLine>

          
          
          <TextLine ID="eSc_line_caa73830"
                    TAGREFS="LT4161"
                    BASELINE="468 984 2387 984" 
                    HPOS="468"
                    VPOS="919"
                    WIDTH="1919"
                    HEIGHT="96">
            <Shape><Polygon POINTS="468 984 468 1005 482 1015 484 1015 486 1015 489 1015 762 1003 933 1015 936 1015 938 1015 978 1003 1696 1015 1699 1015 2387 1003 2387 984 2387 919 2225 919 2223 919 2221 919 2218 919 2199 933 2073 921 2043 919 2040 919 2024 921 1958 937 1806 937 1694 923 1633 919 1631 919 1628 919 1603 926 1561 937 1392 937 1376 928 1364 919 1362 919 1359 919 1357 919 1308 928 1268 937 954 937 945 933 926 919 924 919 922 919 919 919 917 919 887 933 884 935 468 935 468 984"/></Shape>
	    <String CONTENT="que, ça irait, mais c’est une salope, ce môme! (Il"
                    HPOS="468"
                    VPOS="919"
                    WIDTH="1919"
                    HEIGHT="96"
                    WC="0.9892793859426792"></String>
          </TextLine>

          
          
          <TextLine ID="eSc_line_beef33c9"
                    TAGREFS="LT4161"
                    BASELINE="465 1089 2384 1085" 
                    HPOS="463"
                    VPOS="1017"
                    WIDTH="1921"
                    HEIGHT="91">
            <Shape><Polygon POINTS="465 1089 465 1108 2382 1103 2384 1085 2377 1033 1905 1033 1900 1033 1802 1017 1799 1017 1722 1033 1720 1036 1586 1036 1537 1036 1514 1019 1511 1019 1509 1019 1507 1019 1387 1036 1378 1036 1373 1036 1317 1019 1315 1019 1312 1019 1219 1036 1214 1036 1212 1036 1170 1019 1167 1019 1081 1019 1078 1019 1076 1019 1074 1019 1053 1033 1025 1019 1022 1019 1020 1019 1018 1019 973 1031 926 1019 924 1019 922 1019 828 1033 772 1019 769 1019 767 1019 657 1036 636 1019 634 1019 631 1019 629 1019 627 1019 589 1033 500 1019 498 1019 496 1019 463 1033 465 1089"/></Shape>
	    <String CONTENT="était au bord de l’hystérie et moi-même, je me sen¬"
                    HPOS="463"
                    VPOS="1017"
                    WIDTH="1921"
                    HEIGHT="91"
                    WC="0.9833784533871545"></String>
          </TextLine>

          
          
          <TextLine ID="eSc_line_e1b5fc9e"
                    TAGREFS="LT4161"
                    BASELINE="468 1197 2380 1190" 
                    HPOS="465"
                    VPOS="1122"
                    WIDTH="1915"
                    HEIGHT="103">
            <Shape><Polygon POINTS="468 1197 468 1213 1083 1225 1085 1225 1163 1213 1186 1211 1280 1213 1547 1223 1549 1223 2377 1211 2380 1190 2370 1122 2326 1139 2171 1139 2136 1125 2129 1122 2127 1122 2125 1122 2122 1122 2111 1125 2068 1136 2008 1127 1977 1122 1975 1122 1972 1122 1970 1122 1965 1127 1951 1139 1666 1139 1455 1134 1139 1125 1137 1125 1135 1125 1095 1139 1083 1141 1064 1139 997 1127 994 1127 802 1141 798 1141 793 1141 643 1127 641 1127 568 1141 493 1127 491 1127 489 1127 486 1127 465 1139 468 1197"/></Shape>
	    <String CONTENT="tais devenir dingo.) Moi aussi j’aurais pu être barge!"
                    HPOS="465"
                    VPOS="1122"
                    WIDTH="1915"
                    HEIGHT="103"
                    WC="0.9852376558563926"></String>
          </TextLine>

          
          
          <TextLine ID="eSc_line_3e2d8b6b"
                    TAGREFS="LT4161"
                    BASELINE="465 1300 2382 1300" 
                    HPOS="465"
                    VPOS="1230"
                    WIDTH="1917"
                    HEIGHT="96">
            <Shape><Polygon POINTS="465 1300 465 1314 1345 1314 1362 1326 1364 1326 1366 1326 1369 1326 1500 1314 2043 1326 2045 1326 2382 1312 2382 1300 2382 1248 2300 1230 2298 1230 2295 1230 2242 1246 2242 1248 2045 1248 2038 1246 1968 1230 1877 1230 1874 1230 1872 1230 1869 1230 1851 1244 1848 1246 1837 1244 1743 1230 1685 1230 1682 1230 1680 1230 1678 1230 1659 1244 1657 1246 1652 1244 1624 1232 1621 1232 1619 1232 1617 1232 1575 1244 1563 1246 1123 1246 1114 1241 1083 1230 1081 1230 1022 1230 1020 1230 1018 1230 1015 1230 1001 1241 992 1246 952 1241 872 1230 758 1230 755 1230 753 1230 751 1230 739 1239 734 1244 730 1239 718 1232 716 1232 713 1232 711 1232 709 1232 690 1239 671 1246 655 1239 636 1230 634 1230 631 1230 629 1230 594 1239 573 1244 547 1239 503 1230 500 1230 465 1237 465 1300"/></Shape>
	    <String CONTENT="hurlait Rémi. Pour ce qui est d’en fabriquer des"
                    HPOS="465"
                    VPOS="1230"
                    WIDTH="1917"
                    HEIGHT="96"
                    WC="0.9897000059789541"></String>
          </TextLine>

          
          
          <TextLine ID="eSc_line_b84d9716"
                    TAGREFS="LT4161"
                    BASELINE="465 1403 2347 1400" 
                    HPOS="463"
                    VPOS="1333"
                    WIDTH="1884"
                    HEIGHT="89">
            <Shape><Polygon POINTS="465 1403 465 1422 2345 1419 2347 1400 2340 1333 2244 1349 2143 1337 2141 1337 2045 1349 2003 1335 1994 1333 1991 1333 1989 1333 1987 1333 1984 1333 1982 1335 1965 1349 1942 1337 1933 1333 1930 1333 1928 1333 1926 1333 1909 1337 1884 1344 1860 1337 1844 1333 1841 1333 1839 1333 1811 1337 1759 1349 1710 1340 1678 1333 1675 1333 1673 1333 1671 1333 1664 1340 1649 1351 1422 1351 1399 1342 1371 1335 1369 1335 1366 1335 1322 1344 1301 1347 1280 1344 1202 1333 1200 1333 1198 1333 1195 1333 1179 1344 1172 1351 910 1351 905 1349 858 1333 856 1333 854 1333 851 1333 849 1333 823 1349 821 1351 758 1351 596 1351 500 1333 498 1333 496 1333 463 1349 465 1403"/></Shape>
	    <String CONTENT="dingues, chez moi, l’entourage était à la hauteur!"
                    HPOS="463"
                    VPOS="1333"
                    WIDTH="1884"
                    HEIGHT="89"
                    WC="0.9676878601312637"></String>
          </TextLine>

          
          
          <TextLine ID="eSc_line_a193010f"
                    TAGREFS="LT4161"
                    BASELINE="557 1513 2387 1508" 
                    HPOS="554"
                    VPOS="1438"
                    WIDTH="1833"
                    HEIGHT="100">
            <Shape><Polygon POINTS="557 1513 557 1527 1170 1538 1172 1538 1458 1527 1507 1524 2384 1524 2387 1508 2384 1454 2363 1443 2361 1443 2359 1443 2356 1443 2354 1443 2352 1443 2335 1457 2178 1457 2155 1438 2153 1438 2150 1438 2089 1438 2087 1438 2085 1438 2082 1438 2061 1457 2008 1457 1935 1438 1933 1438 1930 1438 1900 1454 1837 1438 1834 1438 1832 1438 1830 1438 1774 1454 1652 1438 1649 1438 1647 1438 1610 1457 1514 1457 1490 1440 1488 1440 1486 1440 1483 1440 1481 1440 1444 1459 849 1459 812 1440 809 1440 807 1440 667 1454 575 1440 573 1440 571 1440 568 1440 568 1443 554 1452 557 1513"/></Shape>
	    <String CONTENT="Seul le gosse paraissait maître de lui. Il avait"
                    HPOS="554"
                    VPOS="1438"
                    WIDTH="1833"
                    HEIGHT="100"
                    WC="0.9980644997285337"></String>
          </TextLine>

          
          
          <TextLine ID="eSc_line_399cb512"
                    TAGREFS="LT4161"
                    BASELINE="463 1618 2373 1609" 
                    HPOS="461"
                    VPOS="1541"
                    WIDTH="1912"
                    HEIGHT="105">
            <Shape><Polygon POINTS="463 1618 463 1634 1160 1632 1167 1632 1245 1646 1247 1646 1249 1646 1282 1632 1317 1632 2153 1641 2155 1641 2370 1625 2373 1609 2366 1557 2317 1557 2312 1555 2293 1541 2291 1541 2288 1541 2214 1541 2211 1541 2209 1541 2207 1541 2188 1555 2183 1557 1905 1557 1902 1555 1886 1543 1884 1543 1881 1543 1879 1543 1607 1555 1411 1562 1392 1553 1376 1546 1373 1546 1303 1546 1301 1546 1298 1546 1296 1546 1287 1553 1273 1562 461 1553 463 1618"/></Shape>
	    <String CONTENT="bien réussi son coup. Jai regardé Rémi, puis Phi¬"
                    HPOS="461"
                    VPOS="1541"
                    WIDTH="1912"
                    HEIGHT="105"
                    WC="0.9915107328158158"></String>
          </TextLine>

          
          
          <TextLine ID="eSc_line_e641fe9d"
                    TAGREFS="LT4161"
                    BASELINE="461 1721 2382 1716" 
                    HPOS="458"
                    VPOS="1651"
                    WIDTH="1924"
                    HEIGHT="103">
            <Shape><Polygon POINTS="461 1721 461 1735 507 1751 510 1751 512 1751 662 1737 709 1751 711 1751 713 1754 884 1754 884 1751 887 1751 933 1737 1366 1735 1483 1735 1493 1735 1649 1749 1652 1749 1654 1749 1710 1735 1713 1735 1776 1749 1778 1749 1781 1749 1783 1749 1802 1735 2380 1735 2382 1716 2375 1667 2005 1667 1996 1665 1972 1651 1970 1651 1968 1651 1965 1651 1921 1665 1909 1667 1900 1665 1874 1651 1872 1651 1869 1651 1867 1651 1830 1662 1816 1667 1654 1662 1493 1658 1490 1658 1462 1662 1411 1672 1153 1672 1135 1660 1125 1653 1123 1653 1121 1653 1118 1653 1116 1653 1102 1660 1081 1669 1057 1660 1043 1653 1041 1653 1039 1653 968 1660 856 1669 458 1658 461 1721"/></Shape>
	    <String CONTENT="lippe qui jubilait comme un pou, et de nouveau"
                    HPOS="458"
                    VPOS="1651"
                    WIDTH="1924"
                    HEIGHT="103"
                    WC="0.9910559887471406"></String>
          </TextLine>

          
          
          <TextLine ID="eSc_line_a9bb5027"
                    TAGREFS="LT4161"
                    BASELINE="461 1826 2380 1821" 
                    HPOS="458"
                    VPOS="1749"
                    WIDTH="1922"
                    HEIGHT="105">
            <Shape><Polygon POINTS="461 1826 461 1840 982 1854 985 1854 1181 1843 1408 1852 1411 1852 1413 1852 1415 1852 1429 1840 1432 1840 1467 1840 2347 1852 2349 1852 2352 1852 2380 1838 2380 1821 2375 1756 2302 1749 2300 1749 2298 1749 2286 1756 2260 1770 2024 1770 2001 1756 1984 1749 1982 1749 1928 1749 1926 1749 1923 1749 1921 1749 1912 1756 1895 1770 1837 1770 1813 1756 1797 1749 1795 1749 1680 1749 1678 1749 1675 1749 1673 1749 1661 1758 1647 1768 1614 1758 1586 1749 1584 1749 1582 1749 1525 1758 1467 1768 1444 1758 1422 1749 1420 1749 1418 1749 1415 1749 1394 1758 1369 1770 1315 1758 1275 1751 1228 1751 1226 1751 1224 1751 1221 1751 1212 1758 1198 1770 1170 1758 1165 1758 1163 1758 1160 1758 1158 1758 1156 1758 1139 1772 821 1772 807 1761 795 1751 793 1751 791 1751 730 1751 727 1751 725 1751 723 1751 711 1761 695 1770 620 1770 606 1761 585 1751 582 1751 580 1751 458 1761 461 1826"/></Shape>
	    <String CONTENT="Rémi. Il s’agissait d’arrêter le délire. J’ai rappelé"
                    HPOS="458"
                    VPOS="1749"
                    WIDTH="1922"
                    HEIGHT="105"
                    WC="0.9686762742828905"></String>
          </TextLine>

          
          
          <TextLine ID="eSc_line_e5826a90"
                    TAGREFS="LT4161"
                    BASELINE="458 1934 2370 1927" 
                    HPOS="456"
                    VPOS="1861"
                    WIDTH="1914"
                    HEIGHT="103">
            <Shape><Polygon POINTS="458 1934 458 1952 475 1964 477 1964 479 1964 482 1964 564 1950 568 1950 578 1950 877 1964 879 1964 882 1964 884 1964 903 1950 1041 1948 1114 1948 1160 1948 1729 1962 1731 1962 1734 1962 1774 1945 1776 1945 2036 1945 2038 1945 2064 1957 2066 1957 2068 1957 2157 1945 2176 1959 2178 1959 2181 1959 2183 1959 2368 1943 2370 1927 2363 1875 2111 1875 2106 1875 2045 1861 2043 1861 2040 1861 2038 1861 2019 1875 2017 1878 1912 1878 1907 1875 1790 1861 1788 1861 1703 1878 1694 1878 1687 1878 1647 1864 1645 1864 1642 1864 1544 1878 1532 1878 1516 1878 1338 1864 1336 1864 1273 1878 1249 1864 1247 1864 1245 1864 1242 1864 1090 1880 1067 1882 723 1882 718 1880 638 1866 636 1866 634 1866 631 1866 613 1880 610 1882 456 1882 458 1934"/></Shape>
	    <String CONTENT="que le paysan avait sûrement prévenu les gen¬"
                    HPOS="456"
                    VPOS="1861"
                    WIDTH="1914"
                    HEIGHT="103"
                    WC="0.9851763933262927"></String>
          </TextLine>

          
          
          <TextLine ID="eSc_line_cd43242c"
                    TAGREFS="LT4161"
                    BASELINE="454 2037 2370 2030" 
                    HPOS="451"
                    VPOS="1964"
                    WIDTH="1919"
                    HEIGHT="91">
            <Shape><Polygon POINTS="454 2037 454 2055 2368 2048 2370 2030 2366 1981 2207 1964 2204 1964 2141 1978 2085 1964 2082 1964 2080 1964 2078 1964 2075 1964 2054 1981 1853 1981 1788 1964 1785 1964 1783 1964 1757 1978 1736 1964 1734 1964 1731 1964 1729 1964 1727 1964 1668 1981 1338 1967 1336 1967 1209 1981 1181 1967 1179 1967 1177 1967 1083 1983 1018 1969 1015 1969 917 1985 667 1985 484 1969 482 1969 479 1969 451 1983 454 2037"/></Shape>
	    <String CONTENT="darmes qui allaient probablement dresser des bar¬"
                    HPOS="451"
                    VPOS="1964"
                    WIDTH="1919"
                    HEIGHT="91"
                    WC="0.9984694646329296"></String>
          </TextLine>

          
          
          <TextLine ID="eSc_line_cbc9c8ba"
                    TAGREFS="LT4161"
                    BASELINE="456 2142 2370 2142" 
                    HPOS="456"
                    VPOS="2069"
                    WIDTH="1914"
                    HEIGHT="96">
            <Shape><Polygon POINTS="456 2142 456 2158 2368 2165 2370 2142 2370 2083 2349 2069 2347 2069 2345 2069 2342 2069 2267 2086 2244 2069 2242 2069 2239 2069 2237 2069 2129 2086 2106 2069 2104 2069 2101 2069 2099 2069 2017 2083 1898 2069 1895 2069 1893 2069 1891 2069 1869 2086 1846 2074 1844 2074 1841 2074 1502 2086 1331 2069 1329 2069 1327 2069 1324 2069 1303 2086 1212 2069 1209 2069 1207 2069 1174 2086 1092 2074 1090 2074 856 2086 821 2069 819 2069 816 2069 814 2069 774 2081 706 2069 704 2069 702 2069 699 2069 676 2088 456 2088 456 2142"/></Shape>
	    <String CONTENT="rages. Rémi s’est calmé brusquement. L’œil effaré,"
                    HPOS="456"
                    VPOS="2069"
                    WIDTH="1914"
                    HEIGHT="96"
                    WC="0.9680051454957926"></String>
          </TextLine>

          
          
          <TextLine ID="eSc_line_0757d0c2"
                    TAGREFS="LT4161"
                    BASELINE="454 2247 2373 2242" 
                    HPOS="451"
                    VPOS="2175"
                    WIDTH="1922"
                    HEIGHT="89">
            <Shape><Polygon POINTS="454 2247 454 2264 2373 2257 2373 2242 2368 2193 2204 2193 2204 2191 2185 2177 2183 2177 2181 2177 2178 2177 2176 2177 2141 2191 2139 2193 1755 2193 1748 2191 1696 2175 1694 2175 1692 2175 1689 2175 1633 2189 1624 2191 1612 2189 1535 2175 1532 2175 1399 2189 1348 2193 1104 2191 1102 2189 1088 2177 1085 2177 1083 2177 1022 2177 1020 2177 1018 2177 1015 2177 1004 2186 999 2191 997 2186 982 2177 980 2177 978 2177 975 2177 865 2186 788 2193 737 2186 674 2177 671 2177 669 2177 636 2186 608 2193 571 2186 526 2177 524 2177 451 2184 454 2247"/></Shape>
	    <String CONTENT="il a demandé d’une voix blanche si on avait une"
                    HPOS="451"
                    VPOS="2175"
                    WIDTH="1922"
                    HEIGHT="89"
                    WC="0.995975145449241"></String>
          </TextLine>

          
          
          <TextLine ID="eSc_line_0e61959b"
                    TAGREFS="LT4161"
                    BASELINE="451 2350 2370 2350" 
                    HPOS="451"
                    VPOS="2278"
                    WIDTH="1919"
                    HEIGHT="102">
            <Shape><Polygon POINTS="451 2350 451 2366 854 2380 856 2380 1013 2369 1467 2369 1535 2380 1537 2380 1638 2369 2022 2380 2024 2380 2370 2366 2370 2350 2368 2285 1930 2294 1909 2287 1888 2278 1886 2278 1884 2278 1881 2278 1865 2287 1851 2294 1827 2287 1797 2278 1795 2278 1792 2278 1790 2278 1788 2278 1776 2287 1767 2294 1635 2294 1626 2287 1612 2278 1610 2278 1607 2278 1495 2278 1493 2278 1490 2278 1488 2278 1474 2289 1467 2294 1455 2289 1437 2282 1434 2282 1432 2282 1429 2282 1404 2289 1385 2294 1376 2289 1352 2278 1350 2278 1275 2278 1273 2278 1270 2278 1226 2289 1214 2294 1200 2292 1160 2278 1158 2278 1156 2278 1153 2278 1116 2292 1107 2294 1097 2292 1053 2278 1050 2278 1048 2278 1046 2278 1043 2278 1027 2292 1022 2296 917 2296 912 2292 877 2278 875 2278 697 2278 695 2278 692 2278 690 2278 669 2294 667 2296 451 2296 451 2350"/></Shape>
	    <String CONTENT="carte. Philippe farfouillait déjà sur la banquette. Il"
                    HPOS="451"
                    VPOS="2278"
                    WIDTH="1919"
                    HEIGHT="102"
                    WC="0.9862481249230248"></String>
          </TextLine>

          
          
          <TextLine ID="eSc_line_ce461311"
                    TAGREFS="LT4161"
                    BASELINE="449 2458 2368 2451" 
                    HPOS="447"
                    VPOS="2385"
                    WIDTH="1921"
                    HEIGHT="96">
            <Shape><Polygon POINTS="449 2458 449 2472 1064 2481 1067 2481 1383 2469 1392 2469 1418 2481 1420 2481 1422 2481 1425 2481 1455 2469 1558 2481 1561 2481 1673 2469 1759 2479 1762 2479 1764 2479 1767 2479 1785 2467 1797 2467 1968 2479 1970 2479 1972 2479 2003 2467 2017 2479 2019 2479 2022 2479 2024 2481 2345 2481 2345 2479 2347 2479 2349 2479 2368 2465 2368 2451 2363 2402 2080 2385 2078 2385 2075 2385 2073 2385 2052 2402 1979 2402 1933 2385 1930 2385 1928 2385 1926 2385 1881 2402 1764 2402 1729 2385 1727 2385 1724 2385 1596 2402 1561 2388 1558 2388 1556 2388 1554 2388 1551 2388 1535 2402 1266 2402 1240 2388 1238 2388 1235 2388 1233 2388 1151 2402 1090 2388 1088 2388 1085 2388 1011 2404 994 2390 992 2390 989 2390 987 2390 767 2404 561 2390 559 2390 447 2406 449 2458"/></Shape>
	    <String CONTENT="à choisi une boîte et en a retiré la carte adéquate"
                    HPOS="447"
                    VPOS="2385"
                    WIDTH="1921"
                    HEIGHT="96"
                    WC="0.9899806250225414"></String>
          </TextLine>

          
          
          <TextLine ID="eSc_line_4b65cd3c"
                    TAGREFS="LT4161"
                    BASELINE="451 2563 2370 2563" 
                    HPOS="451"
                    VPOS="2493"
                    WIDTH="1919"
                    HEIGHT="86">
            <Shape><Polygon POINTS="451 2563 451 2579 2370 2577 2370 2563 2370 2504 2349 2493 2347 2493 2345 2493 2342 2493 2340 2493 2307 2507 2232 2493 2230 2493 2228 2493 2225 2493 2204 2509 1921 2509 1900 2495 1898 2495 1895 2495 1893 2495 1837 2509 1516 2509 1467 2493 1465 2493 1282 2493 1280 2493 1202 2507 1125 2493 1123 2493 1121 2493 1118 2493 1097 2509 910 2509 840 2493 837 2493 774 2507 727 2493 725 2493 723 2493 720 2493 685 2507 552 2493 549 2493 451 2507 451 2563"/></Shape>
	    <String CONTENT="qu’il a tendu avec fierté. “Heureusement que j’ai tout"
                    HPOS="451"
                    VPOS="2493"
                    WIDTH="1919"
                    HEIGHT="86"
                    WC="0.9940696846355092"></String>
          </TextLine>

          
          
          <TextLine ID="eSc_line_f686a287"
                    TAGREFS="LT4161"
                    BASELINE="447 2666 2219 2667" 
                    HPOS="442"
                    VPOS="2585"
                    WIDTH="1776"
                    HEIGHT="116">
            <Shape><Polygon POINTS="445 2662 442 2680 565 2701 568 2701 2215 2683 2218 2666 2211 2585 2127 2603 2085 2585 2081 2585 2078 2585 2067 2585 1948 2603 1906 2585 1899 2585 1895 2585 1892 2585 1874 2589 1783 2603 1737 2589 1727 2585 1723 2585 1720 2585 1716 2585 1706 2589 1671 2606 1172 2606 1158 2596 1147 2585 1144 2585 1140 2585 1137 2585 1088 2596 1042 2603 997 2596 926 2585 923 2585 919 2585 881 2596 856 2603 828 2596 765 2585 761 2585 445 2599 445 2662"/></Shape>
	    <String CONTENT="rangé, il a dit... Vous voyez que je suis utile!”"
                    HPOS="442"
                    VPOS="2585"
                    WIDTH="1776"
                    HEIGHT="116"></String>
          </TextLine>

          
          
          <TextLine ID="eSc_line_c20ab485"
                    TAGREFS="LT4161"
                    BASELINE="538 2776 2361 2766" 
                    HPOS="535"
                    VPOS="2696"
                    WIDTH="1826"
                    HEIGHT="105">
            <Shape><Polygon POINTS="538 2776 538 2792 1296 2790 1305 2790 1378 2801 1380 2801 1561 2790 1603 2787 1657 2790 1884 2799 1886 2799 2359 2785 2361 2766 2354 2715 2209 2715 2204 2713 2176 2696 2174 2696 2171 2696 2169 2696 2167 2696 2129 2713 2087 2696 2085 2696 2082 2696 2080 2696 2078 2696 2052 2713 2045 2717 1902 2717 1874 2713 1806 2699 1804 2699 1802 2699 1757 2713 1738 2717 1717 2713 1664 2699 1661 2699 1659 2699 1657 2699 1605 2713 1582 2717 1558 2713 1509 2699 1507 2699 1504 2699 1502 2699 1460 2713 1432 2720 1392 2710 1343 2701 1341 2701 1338 2701 1298 2710 1261 2720 535 2710 538 2776"/></Shape>
	    <String CONTENT="Nous n’avons rien répondu. La tête penchée sur"
                    HPOS="535"
                    VPOS="2696"
                    WIDTH="1826"
                    HEIGHT="105"
                    WC="0.9822026783106278"></String>
          </TextLine>

          
          
          <TextLine ID="eSc_line_83a406dd"
                    TAGREFS="LT4161"
                    BASELINE="444 2879 2361 2874" 
                    HPOS="442"
                    VPOS="2806"
                    WIDTH="1919"
                    HEIGHT="98">
            <Shape><Polygon POINTS="442 2851 444 2879 444 2893 772 2904 774 2904 777 2904 779 2904 793 2893 798 2893 2359 2893 2361 2874 2356 2825 2277 2806 2274 2806 2272 2806 2221 2823 2221 2825 2101 2825 2099 2823 2066 2806 2064 2806 2061 2806 1900 2823 1881 2823 1877 2823 1841 2806 1839 2806 1837 2806 1668 2820 1635 2823 1621 2820 1558 2806 1556 2806 1554 2806 1511 2820 1500 2823 1486 2820 1425 2806 1422 2806 1420 2806 1418 2806 1404 2820 1394 2825 447 2816 442 2851"/></Shape>
	    <String CONTENT="la carte, nous suivions du doigt l’entrelacs des"
                    HPOS="442"
                    VPOS="2806"
                    WIDTH="1919"
                    HEIGHT="98"
                    WC="0.9857477570573489"></String>
          </TextLine>

          
          
          <TextLine ID="eSc_line_b7e11194"
                    TAGREFS="LT4161"
                    BASELINE="444 2986 2363 2977" 
                    HPOS="442"
                    VPOS="2911"
                    WIDTH="1921"
                    HEIGHT="101">
            <Shape><Polygon POINTS="444 2986 444 3012 2361 3000 2363 2977 2356 2928 1851 2928 1823 2911 1820 2911 1818 2911 1720 2911 1717 2911 1715 2911 1713 2911 1692 2928 1661 2911 1659 2911 1521 2911 1518 2911 1516 2911 1481 2928 1371 2930 1348 2914 1345 2914 1343 2914 1341 2914 1338 2914 1308 2930 1144 2930 1029 2914 1027 2914 1025 2914 1022 2914 999 2930 879 2916 877 2916 716 2932 552 2916 549 2916 442 2935 444 2986"/></Shape>
	    <String CONTENT="petites routes. On avait quitté la Mayenne ici, on"
                    HPOS="442"
                    VPOS="2911"
                    WIDTH="1921"
                    HEIGHT="101"
                    WC="0.988311231136322"></String>
          </TextLine>

          
          
          <TextLine ID="eSc_line_abb2b7de"
                    TAGREFS="LT4161"
                    BASELINE="447 3087 2359 3087" 
                    HPOS="447"
                    VPOS="3019"
                    WIDTH="1912"
                    HEIGHT="96">
            <Shape><Polygon POINTS="447 3087 447 3115 2359 3103 2359 3087 2359 3035 2314 3019 2312 3019 2249 3019 2246 3019 2244 3019 2242 3019 2221 3035 2188 3019 2185 3019 2183 3019 2080 3038 1797 3038 1720 3019 1717 3019 1715 3019 1682 3035 1575 3019 1572 3019 1570 3019 1568 3019 1549 3033 1392 3035 1310 3019 1308 3019 1179 3035 1074 3019 1071 3019 1069 3019 1067 3019 1050 3033 762 3035 739 3019 737 3019 734 3019 732 3019 730 3019 688 3038 447 3038 447 3087"/></Shape>
	    <String CONTENT="pouvait se prendre cette cantonale, puis celle-là."
                    HPOS="447"
                    VPOS="3019"
                    WIDTH="1912"
                    HEIGHT="96"
                    WC="0.9973320026023715"></String>
          </TextLine>

          
          
          <TextLine ID="eSc_line_a43f3da3"
                    TAGREFS="LT4161"
                    BASELINE="442 3192 2354 3187" 
                    HPOS="439"
                    VPOS="3120"
                    WIDTH="1915"
                    HEIGHT="91">
            <Shape><Polygon POINTS="442 3192 442 3211 2352 3206 2354 3187 2349 3138 2260 3124 2258 3124 2157 3136 2155 3136 2153 3136 2132 3120 2129 3120 2127 3120 2061 3120 2059 3120 2057 3120 2054 3120 2033 3136 2031 3136 2024 3136 1926 3124 1923 3124 1921 3124 1900 3136 1895 3138 1598 3138 1593 3134 1575 3120 1572 3120 1570 3120 1568 3120 1486 3134 1462 3136 1439 3134 1369 3122 1366 3122 1364 3122 1345 3131 1331 3141 1111 3141 1092 3131 1071 3122 1069 3122 1067 3122 1015 3131 982 3136 959 3131 929 3122 926 3122 924 3122 922 3122 896 3129 872 3138 858 3129 847 3122 844 3122 842 3122 840 3122 805 3129 774 3136 727 3129 674 3122 608 3122 606 3122 603 3122 589 3129 571 3138 538 3129 517 3122 514 3122 512 3122 439 3127 442 3192"/></Shape>
	    <String CONTENT="Ils allaient plutôt nous chercher sur cette départe¬"
                    HPOS="439"
                    VPOS="3120"
                    WIDTH="1915"
                    HEIGHT="91"
                    WC="0.995101903323774"></String>
          </TextLine>

          
          
          <TextLine ID="eSc_line_25607666"
                    TAGREFS="LT4161"
                    BASELINE="437 3300 2347 3297" 
                    HPOS="435"
                    VPOS="3227"
                    WIDTH="1912"
                    HEIGHT="91">
            <Shape><Polygon POINTS="435 3255 437 3300 437 3316 2342 3318 2347 3297 2342 3248 2253 3248 2216 3227 2214 3227 2211 3227 2209 3227 2141 3248 2050 3248 2012 3230 2010 3230 2008 3230 1881 3246 1813 3227 1811 3227 1809 3227 1657 3246 1502 3227 1500 3227 1413 3246 1387 3227 1385 3227 1383 3227 1380 3227 1378 3227 1322 3248 1184 3248 1151 3227 1149 3227 1146 3227 1083 3227 1081 3227 1078 3227 1043 3246 863 3246 833 3227 830 3227 828 3227 826 3227 823 3227 751 3246 716 3227 713 3227 624 3227 622 3227 435 3248 435 3255"/></Shape>
	    <String CONTENT="mentale et sur celle-ci, et même sur la nationale..."
                    HPOS="435"
                    VPOS="3227"
                    WIDTH="1912"
                    HEIGHT="91"
                    WC="0.9966478696409261"></String>
          </TextLine>

          
          
          <TextLine ID="eSc_line_5de7fcba"
                    TAGREFS="LT4161"
                    BASELINE="439 3405 2139 3403" 
                    HPOS="437"
                    VPOS="3332"
                    WIDTH="1702"
                    HEIGHT="92">
            <Shape><Polygon POINTS="439 3405 439 3421 2134 3424 2139 3403 2134 3353 2054 3353 2054 3351 2031 3332 2029 3332 2026 3332 2024 3332 1851 3349 1830 3351 1825 3349 1806 3335 1804 3335 1802 3335 1799 3335 1638 3346 1582 3353 1132 3353 1095 3342 1057 3332 1055 3332 1053 3332 987 3342 947 3346 905 3339 851 3332 849 3332 847 3332 833 3339 809 3351 437 3337 439 3405"/></Shape>
	    <String CONTENT="Nous, on allait les niquer en passant par là..."
                    HPOS="437"
                    VPOS="3332"
                    WIDTH="1702"
                    HEIGHT="92"
                    WC="0.9802285643915335"></String>
          </TextLine>

          
          
          <TextLine ID="eSc_line_0a6a5d69"
                    TAGREFS="LT4161"
                    BASELINE="524 3508 2356 3508" 
                    HPOS="524"
                    VPOS="3435"
                    WIDTH="1832"
                    HEIGHT="103">
            <Shape><Polygon POINTS="524 3508 524 3522 706 3538 709 3538 868 3524 952 3538 954 3538 1085 3524 1984 3524 2111 3538 2113 3538 2356 3522 2356 3508 2356 3454 2232 3440 2230 3440 2228 3440 2225 3440 2209 3452 2209 3454 2097 3454 2094 3452 2050 3438 2047 3438 2045 3438 1949 3452 1944 3452 1942 3452 1926 3438 1923 3438 1921 3438 1919 3438 1916 3438 1914 3438 1898 3452 1895 3454 1764 3454 1762 3452 1743 3435 1741 3435 1738 3435 1682 3435 1680 3435 1678 3435 1675 3435 1659 3449 1657 3452 1652 3449 1610 3435 1607 3435 1558 3435 1556 3435 1554 3435 1551 3435 1532 3449 1528 3454 1460 3454 1455 3449 1437 3435 1434 3435 1432 3435 1429 3435 1362 3447 1343 3438 1341 3438 1338 3438 1336 3438 1334 3438 1319 3449 1317 3452 1308 3449 1261 3435 1259 3435 1256 3435 1254 3435 1219 3449 1207 3454 1081 3454 1071 3447 1041 3435 1039 3435 1036 3435 1034 3435 989 3447 973 3454 774 3454 758 3447 727 3435 725 3435 723 3435 524 3445 524 3508"/></Shape>
	    <String CONTENT="Philippe a gloussé et il a dit d’une toute petite"
                    HPOS="524"
                    VPOS="3435"
                    WIDTH="1832"
                    HEIGHT="103"
                    WC="0.9802901589870453"></String>
          </TextLine>

          
          
          <TextLine ID="eSc_line_4a6b76ff"
                    TAGREFS="LT4161"
                    BASELINE="442 3608 2352 3613" 
                    HPOS="439"
                    VPOS="3545"
                    WIDTH="1913"
                    HEIGHT="101">
            <Shape><Polygon POINTS="442 3608 439 3620 507 3641 510 3641 512 3641 622 3639 624 3639 627 3639 645 3625 676 3641 678 3641 681 3641 683 3641 685 3641 711 3625 762 3625 786 3641 788 3641 791 3641 793 3641 903 3625 1025 3643 1027 3643 1198 3636 1200 3636 1202 3636 1217 3625 1252 3643 1254 3643 1256 3643 1401 3627 1509 3639 1511 3639 1649 3627 1659 3627 1666 3627 1762 3646 1764 3646 1961 3629 1989 3627 1994 3629 2026 3646 2029 3646 2031 3646 2146 3629 2169 3627 2347 3629 2352 3613 2349 3559 2223 3548 2221 3548 2218 3548 2188 3559 2171 3564 2164 3559 2155 3550 2153 3550 2150 3550 2040 3550 2038 3550 2036 3550 2010 3559 1994 3564 1984 3559 1975 3550 1972 3550 1970 3550 1907 3550 1905 3550 1755 3559 1645 3564 1635 3559 1628 3552 1626 3552 1624 3552 1516 3552 1514 3552 1458 3559 1404 3564 1394 3559 1390 3552 1387 3552 1385 3552 1383 3552 1280 3559 1212 3562 1123 3559 943 3550 940 3550 891 3559 868 3562 861 3559 837 3545 835 3545 739 3545 737 3545 734 3545 732 3545 716 3559 709 3562 442 3559 442 3608"/></Shape>
	    <String CONTENT="voix : “Je croyais que vous niquiez que des"
                    HPOS="439"
                    VPOS="3545"
                    WIDTH="1913"
                    HEIGHT="101"
                    WC="0.99862021069194"></String>
          </TextLine>

          
        </TextBlock>
        
        <TextBlock HPOS="2210"
                   VPOS="3713"
                   WIDTH="169"
                   HEIGHT="116"
                   ID="block_1"
                   TAGREFS="BT10606">
          <Shape><Polygon POINTS="2379 3713 2379 3829 2210 3829 2210 3713"/></Shape>
          
          
          <TextLine ID="eSc_line_8c668233"
                    TAGREFS="LT4161"
                    BASELINE="2235 3796 2352 3789" 
                    HPOS="2232"
                    VPOS="3725"
                    WIDTH="120"
                    HEIGHT="87">
            <Shape><Polygon POINTS="2232 3756 2235 3796 2235 3812 2352 3807 2352 3789 2347 3728 2251 3725 2249 3725 2246 3725 2244 3725 2232 3732 2232 3756"/></Shape>
	    <String CONTENT="189"
                    HPOS="2232"
                    VPOS="3725"
                    WIDTH="120"
                    HEIGHT="87"
                    WC="0.999801496664683"></String>
          </TextLine>

          
        </TextBlock>
        

        
      </PrintSpace>
    </Page>
  </Layout>
</alto>
