2977 4210
980 1040 1018 96 ALALUMIÈRE D’HIVER.

540 1354 1868 91 La voix s’est tue mais Luna laisse la fin de la cas¬

542 1459 1875 87 Sette se dérouler. Elle ne dit rien. Clotaire reste

535 1557 1875 96 muet, lui aussi. Le seul bruit est le léger bourdon¬

535 1662 1208 96 nement du moteur de l’appareil.

624 1765 1784 92 Pendant un quart d’heure, ils écoutent le silence,

535 1866 1873 101 puis la psy regarde son vis-à-vis. Elle lui demande

538 1967 1507 102 si les allégations de Philippe sont vraies.

713 2076 759 101 — A propos de quoi?

690 2170 1704 103 — Apropos de Rémi. Est-ce que lui et le gamin...

615 2275 1783 89 Clotaire secoue vigoureusement la tête. Il assure

528 2378 1873 98 que c’est impossible. Mais elle insiste car, enfin, il a

531 2479 1870 103 vécu l’équipée. Il sourit, remarque qu’il a surtout

528 2582 670 89 entendu la bande.

643 2682 1255 98 – Enfin, Luna, si ce môme est...

608 2783 669 100 Elle l’interrompt.

624 2886 1763 100 — Non, Clotaire. Philippe peut être bien des

521 2996 1868 84 choses, mais il n’est pas mythomane... Essayez

521 3101 663 77 de vous souvenir.

608 3194 1772 101 Il réfléchit. Son visage indique qu’il ne voit pas.

519 3297 1863 89 Elle lui demande de se concentrer, réfléchissez

517 3398 1860 100 bien, Clotaire. Enfin le visage du garçon s’éclaire.

521 3505 1538 99 Il ne voit qu’une seule occasion, quand...

2253 3686 115 84 297
