2977 4210
566 488 1793 89 1à mariée est terrorisée. Un être humain pia¬

472 587 1891 105 note sur la vitre. D’un geste instinctif, elle serre

472 694 1891 98 ontre elle son époux en ramenant l’édredon

472 797 1891 98 J11tour d’eux. Elle n’ose regarder. Le toquement

470 898 1886 103 deyient de plus en plus fort. Alors elle lève les

477 1012 1126 77 1eiix et reconnaît son Visiteur.

557 1110 1802 99 ll ne s’agit plus de moi, de cet enfant fou qui lui

468 1216 1884 89 1 fait si peur mais de son oiseau des iles. Pourtant,

465 1316 1884 96 clle fait un non vigoureux avec sa tête, elle repousse

468 1422 311 88 nvite.

557 1520 903 100 Boule de neige retoque.

552 1620 1795 92 1Ile fait chut, un doigt sur les lèvres. Elle a l’air

463 1726 297 98 lgard.

547 1824 1800 93 Le Noir insiste. Elle peut deviner à travers la

465 1931 1875 96 vire les mots qui se forment sur ses lèvres: “Allez,

470 2041 1114 94 VIcns, tu ne le regretteras pas.

542 2133 1791 102 Elle fait non avec la tête, elle crie à voix basse:

512 2240 318 96 Va-t’en.

545 2348 1287 96 La gouttière commence à craquer.

564 2448 1750 96 'Ouvre-moi, supplie le Black, je vais tomber...

542 2554 1786 93 Elle s’en fout, cette nunuche, et, une fois de plus,

456 2659 1645 82 lle secoue la tête avec force, non c’est non.

540 2755 1795 100 La gouttière a cédé. Ça, j’en ai été témoin. La

463 2860 1868 96 outtière a cédé et Clotaire est tombé. Il s’est reçu

451 2968 1880 84 dans un tonneau installé au pied du tuyau pour

451 3066 1009 89 1ecueillir les eaux de pluie.

538 3166 1788 101 Moi, c’est ça que j’ai vu. J’ai été seul à le voir.

449 3272 1882 88 Rémi était occupé ailleurs. A cuver. Ou bien il avait

449 3377 716 93 rejoint sa donzelle.

533 3475 1788 91 Donc, j’étais le seul être vivant devant Il’auberge.

451 3585 1877 89 Le nègre est sorti de son tonneau tout dégoulinant

2190 3763 136 84 215
