2977 4210
559 327 2008 91 de la mort dans ses histoires vaudou à la con.

557 432 2005 110 Peut-être au fond qu’il a raison. Ça m’arrange, je

561 542 627 94 le laisse croire.

657 645 1903 115 En plus de l’élevage des ariérés, le Vert-Paradis

561 764 1997 106 est aussi une espèce d’école pour les moins débiles

564 874 1991 103 d’entre nous. J’ai toujours été nul en maths. Avant,

568 991 1987 89 les profs me faisaient la guerre mais mes parents

568 1094 1990 108 s’en foutaient, puisque j’étais bon en français. Du

566 1202 1994 107 moins à l’écrit. J’ai parlé très tard et très mal, à

568 1319 1987 103 croire que ça ne m’intéressait pas. Dès que j’ai su

571 1429 1987 102 lire — je n’ai jamais très bien compris comment ça

573 1534 1980 107 s’est fait — j’ai dévoré des tonnes de bouquins. Mes

575 1646 1976 101 vieux n’en attendaient pas tant d’un môme autiste.

575 1754 1973 112 Ça les a rassurés. Ils pensaient qu’avec l’imagina¬

573 1871 1980 103 tion que j’avais, je pourrais toujours écrire des

571 1974 1984 98 romans. “Tu feras une carrière littéraire”, ma mère

573 2083 1973 101 disait. C’était une planeuse. Ils n’ont pas été déçus!

573 2196 1973 107 La littérature, c’est ce qui les a perdus. Je l’ai pra¬

575 2310 1980 106 tiquée en direct, live comme on dit. Pour ça, je le

573 2420 1610 96 leur ai bien mis dans le cul à ces nazes...

662 2530 1893 108 Pour en revenir à notre dressage présent, le prof

571 2645 1977 93 qui est un vieux sadique nous montre les réactions

568 2750 1983 112 des grenouilles à l’électricité. Je ne sais pas si j’aime

571 2865 1980 96 ou pas. Je hais les cris de ces bestioles. Plus con

571 2972 1975 112 qu’une grenouille, tu meurs. En chimie, j’ai pigé

571 3087 1963 110 quelques trucs. J’adore. Si j’étais resté plus long¬

573 3206 1975 103 temps, j’aurais pris Luna par la main—c’est mon

568 3302 1983 108 bon Dieu à moi, la seule personne valable ici, la

568 3424 1978 105 seule au monde qui se respecte—, je l’aurais prise

568 3536 1980 112 par la main, ma sainte, ma gironde, on aurait fait

568 3646 1973 96 sauter ensemble tout le bordel et on se serait tirés.

564 3838 98 91 52
