<?xml version="1.0" encoding="UTF-8"?>
<alto xmlns:xsi="http://www.w3.org/2001/XMLSchema-instance"
      xmlns="http://www.loc.gov/standards/alto/ns-v4#"
      xsi:schemaLocation="http://www.loc.gov/standards/alto/ns-v4# http://www.loc.gov/standards/alto/v4/alto-4-2.xsd">
  <Description>
    <MeasurementUnit>pixel</MeasurementUnit>
    <sourceImageInformation>
      <fileName>page_00276.png</fileName>
      
    </sourceImageInformation>
  </Description>
  
  <Tags>
    <OtherTag ID="BT10605" LABEL="MainZone" DESCRIPTION="block type MainZone"/><OtherTag ID="BT10606" LABEL="NumberingZone" DESCRIPTION="block type NumberingZone"/><OtherTag ID="BT10607" LABEL="RunningTitleZone" DESCRIPTION="block type RunningTitleZone"/><OtherTag ID="BT10608" LABEL="QuireMarksZone" DESCRIPTION="block type QuireMarksZone"/><OtherTag ID="BT10609" LABEL="CustomZone" DESCRIPTION="block type CustomZone"/>
    <OtherTag ID="LT4159" LABEL="DefaultLine" DESCRIPTION="line type DefaultLine"/><OtherTag ID="LT4160" LABEL="HeadingLine" DESCRIPTION="line type HeadingLine"/><OtherTag ID="LT4161" LABEL="default" DESCRIPTION="line type default"/>
  </Tags>
  
  <Layout>
    <Page WIDTH="2977"
          HEIGHT="4210"
          PHYSICAL_IMG_NR="273"
          ID="eSc_dummypage_">
      <PrintSpace HPOS="0"
                  VPOS="0"
                  WIDTH="2977"
                  HEIGHT="4210">
        
        <TextBlock HPOS="601"
                   VPOS="389"
                   WIDTH="1984"
                   HEIGHT="3303"
                   ID="block_0"
                   TAGREFS="BT10605">
          <Shape><Polygon POINTS="2585 389 2585 3692 601 3692 601 389"/></Shape>
          
          
          <TextLine ID="eSc_line_419c98e6"
                    TAGREFS="LT4161"
                    BASELINE="638 540 2529 533" 
                    HPOS="636"
                    VPOS="467"
                    WIDTH="1893"
                    HEIGHT="91">
            <Shape><Polygon POINTS="2438 474 2415 474 2391 474 2377 474 2338 484 1961 484 1914 470 1900 470 1877 470 1823 486 1757 486 1722 467 1720 467 1717 467 1385 484 1268 467 1266 467 1263 467 1212 488 1074 488 1001 470 999 470 891 486 765 470 762 470 760 470 758 470 739 484 683 474 683 477 659 484 636 491 638 540 638 558 2527 551 2529 533 2525 484 2457 484 2438 474 2438 474"/></Shape>
	    <String CONTENT="au feu et les maîtres au milieu. Eux aussi ont lar¬"
                    HPOS="636"
                    VPOS="467"
                    WIDTH="1893"
                    HEIGHT="91"
                    WC="0.9851633963676599"></String>
          </TextLine>

          
          
          <TextLine ID="eSc_line_bc4069e8"
                    TAGREFS="LT4161"
                    BASELINE="643 643 1296 638" 
                    HPOS="641"
                    VPOS="573"
                    WIDTH="655"
                    HEIGHT="98">
            <Shape><Polygon POINTS="643 643 643 671 784 657 966 661 1221 666 1224 666 1226 666 1256 654 1270 666 1273 666 1275 666 1277 666 1280 666 1282 666 1296 652 1296 638 1289 577 868 587 851 587 758 573 755 573 753 573 751 573 751 575 737 589 641 589 643 643"/></Shape>
	    <String CONTENT="gué les amarres!"
                    HPOS="641"
                    VPOS="573"
                    WIDTH="655"
                    HEIGHT="98"
                    WC="0.9947206974029541"></String>
          </TextLine>

          
          
          <TextLine ID="eSc_line_440403a8"
                    TAGREFS="LT4161"
                    BASELINE="718 748 2537 741" 
                    HPOS="716"
                    VPOS="668"
                    WIDTH="1821"
                    HEIGHT="108">
            <Shape><Polygon POINTS="718 748 718 762 1018 776 1020 776 1022 776 1064 762 1369 760 1504 760 1511 760 1657 774 1659 774 2001 757 2010 757 2024 769 2026 769 2029 769 2031 769 2108 760 2251 771 2253 771 2405 757 2511 771 2513 771 2515 771 2518 771 2537 755 2537 741 2532 689 2483 689 2450 668 2448 668 2445 668 2443 668 2441 668 2394 689 2324 689 2295 668 2293 668 2291 668 2242 668 2239 668 2237 668 2197 687 2174 668 2171 668 2169 668 2167 668 2164 668 2127 682 2111 668 2108 668 2106 668 2038 668 2036 668 2033 668 1991 687 1949 668 1947 668 1944 668 1942 668 1940 668 1940 671 1921 685 1907 675 1905 675 1902 675 1900 675 1898 675 1895 675 1877 689 1799 675 1797 675 1795 675 1792 675 1776 689 1582 689 1516 671 1514 671 1511 671 1509 671 1507 671 1483 692 1378 692 1327 671 1324 671 1322 671 1319 671 1317 671 1289 692 1266 673 1263 673 1261 673 1181 673 1179 673 1177 673 1174 673 1149 694 861 694 753 673 751 673 748 673 746 673 716 689 718 748"/></Shape>
	    <String CONTENT="On apprend à faire le point et à déchiffrer les"
                    HPOS="716"
                    VPOS="668"
                    WIDTH="1821"
                    HEIGHT="108"
                    WC="0.970547958612442"></String>
          </TextLine>

          
          
          <TextLine ID="eSc_line_d5593b62"
                    TAGREFS="LT4161"
                    BASELINE="636 849 2541 844" 
                    HPOS="634"
                    VPOS="778"
                    WIDTH="1907"
                    HEIGHT="99">
            <Shape><Polygon POINTS="636 849 638 877 685 865 2537 865 2541 844 2537 795 2387 795 2368 778 2366 778 2363 778 2361 778 2263 795 2143 795 2122 778 2120 778 2118 778 2115 778 2113 778 2059 792 2022 778 2019 778 2017 778 2015 778 1968 792 1825 792 1809 778 1806 778 1804 778 1802 778 1799 778 1797 778 1778 795 1624 795 1591 778 1589 778 1586 778 1584 778 1544 795 1090 781 1088 781 1085 781 1025 795 919 781 917 781 915 781 912 781 891 797 830 797 774 781 772 781 769 781 634 797 636 849"/></Shape>
	    <String CONTENT="cartes. On pilote chacun à son tour et chacun à son"
                    HPOS="634"
                    VPOS="778"
                    WIDTH="1907"
                    HEIGHT="99"
                    WC="0.9821936150766769"></String>
          </TextLine>

          
          
          <TextLine ID="eSc_line_d41df867"
                    TAGREFS="LT4161"
                    BASELINE="638 954 2537 949" 
                    HPOS="636"
                    VPOS="881"
                    WIDTH="1901"
                    HEIGHT="89">
            <Shape><Polygon POINTS="638 954 638 970 2534 965 2537 949 2532 898 1968 898 1902 881 1900 881 1898 881 1858 895 1748 881 1745 881 1743 881 1703 895 1687 881 1685 881 1682 881 1610 881 1607 881 1605 881 1547 898 1488 884 1486 884 1483 884 1233 898 1172 884 1170 884 1167 884 1165 884 1132 898 1064 884 1062 884 1060 884 1057 884 1039 900 812 900 659 884 657 884 655 884 652 884 636 895 638 954"/></Shape>
	    <String CONTENT="tour aussi de faire la bouffe. Bref, on a pris notre"
                    HPOS="636"
                    VPOS="881"
                    WIDTH="1901"
                    HEIGHT="89"
                    WC="0.9897040598667585"></String>
          </TextLine>

          
          
          <TextLine ID="eSc_line_3cb30abb"
                    TAGREFS="LT4161"
                    BASELINE="641 1057 2537 1050" 
                    HPOS="638"
                    VPOS="987"
                    WIDTH="1899"
                    HEIGHT="88">
            <Shape><Polygon POINTS="641 1057 641 1075 2534 1068 2537 1050 2532 1003 2122 987 2120 987 2118 987 2115 987 2097 1001 1853 989 1851 989 1848 989 1799 1003 1771 989 1769 989 1682 989 1680 989 1678 989 1675 989 1649 1003 1371 1003 1338 989 1336 989 1334 989 1252 1005 657 994 655 994 652 994 650 994 638 1001 641 1057"/></Shape>
	    <String CONTENT="Vie en main: on est responsable chacun de la sienne"
                    HPOS="638"
                    VPOS="987"
                    WIDTH="1899"
                    HEIGHT="88"
                    WC="0.984329807992075"></String>
          </TextLine>

          
          
          <TextLine ID="eSc_line_034bc703"
                    TAGREFS="LT4161"
                    BASELINE="636 1157 2537 1157" 
                    HPOS="636"
                    VPOS="1092"
                    WIDTH="1901"
                    HEIGHT="84">
            <Shape><Polygon POINTS="636 1157 636 1176 2537 1176 2537 1157 2537 1108 2263 1092 2260 1092 2075 1106 2052 1092 2050 1092 2047 1092 2045 1092 2043 1092 1984 1108 1745 1108 1727 1092 1724 1092 1722 1092 1642 1092 1640 1092 1568 1106 1490 1092 1488 1092 1331 1106 1266 1092 1263 1092 1261 1092 1219 1106 1130 1092 1128 1092 1027 1106 966 1092 964 1092 961 1092 959 1092 957 1092 938 1108 636 1108 636 1157"/></Shape>
	    <String CONTENT="comme de celle des autres. Et en avant pour l’aven¬"
                    HPOS="636"
                    VPOS="1092"
                    WIDTH="1901"
                    HEIGHT="84"
                    WC="0.994829326283698"></String>
          </TextLine>

          
          
          <TextLine ID="eSc_line_f23cf520"
                    TAGREFS="LT4161"
                    BASELINE="638 1263 861 1263" 
                    HPOS="638"
                    VPOS="1197"
                    WIDTH="223"
                    HEIGHT="82">
            <Shape><Polygon POINTS="638 1263 638 1279 861 1279 861 1263 861 1206 821 1197 819 1197 816 1197 814 1197 812 1197 812 1199 800 1209 800 1211 638 1211 638 1263"/></Shape>
	    <String CONTENT="ture !"
                    HPOS="638"
                    VPOS="1197"
                    WIDTH="223"
                    HEIGHT="82"
                    WC="0.9757084250450134"></String>
          </TextLine>

          
          
          <TextLine ID="eSc_line_1953242d"
                    TAGREFS="LT4161"
                    BASELINE="725 1368 2541 1363" 
                    HPOS="723"
                    VPOS="1293"
                    WIDTH="1818"
                    HEIGHT="105">
            <Shape><Polygon POINTS="725 1368 725 1384 915 1384 919 1384 945 1398 947 1398 950 1398 1069 1384 1090 1384 1425 1384 1460 1398 1462 1398 1465 1398 1591 1384 1633 1382 1979 1382 1984 1384 2010 1396 2012 1396 2015 1396 2539 1384 2541 1363 2537 1312 2022 1312 2001 1293 1998 1293 1996 1293 1994 1293 1991 1293 1944 1309 1907 1293 1905 1293 1823 1293 1820 1293 1818 1293 1759 1309 1675 1293 1673 1293 1671 1293 1626 1312 1568 1295 1565 1295 1563 1295 1458 1312 1270 1295 1268 1295 1266 1295 1202 1312 1132 1295 1130 1295 1128 1295 1125 1295 1104 1314 959 1314 931 1295 929 1295 926 1295 924 1295 922 1295 879 1312 842 1295 840 1295 755 1295 753 1295 751 1295 748 1295 723 1309 725 1368"/></Shape>
	    <String CONTENT="C’est pas du charre, j’te dis. C’est presque aussi"
                    HPOS="723"
                    VPOS="1293"
                    WIDTH="1818"
                    HEIGHT="105"
                    WC="0.9896193838119507"></String>
          </TextLine>

          
          
          <TextLine ID="eSc_line_09007aff"
                    TAGREFS="LT4161"
                    BASELINE="641 1471 1420 1466" 
                    HPOS="638"
                    VPOS="1400"
                    WIDTH="782"
                    HEIGHT="103">
            <Shape><Polygon POINTS="641 1471 641 1487 1027 1503 1029 1503 1032 1503 1069 1487 1076 1485 1111 1487 1228 1496 1231 1496 1233 1496 1254 1487 1259 1485 1263 1487 1289 1496 1291 1496 1294 1496 1418 1485 1420 1466 1418 1422 1355 1400 1352 1400 1301 1400 1298 1400 1296 1400 1294 1400 1294 1403 1277 1419 1275 1419 1273 1419 1219 1400 1217 1400 1214 1400 1212 1400 1167 1417 1163 1417 1160 1417 1111 1400 1109 1400 1107 1400 1104 1400 1102 1400 1102 1403 1088 1415 1083 1419 1069 1415 1053 1410 1050 1410 1048 1410 1046 1410 1032 1415 1004 1422 638 1408 641 1471"/></Shape>
	    <String CONTENT="beau que je te le dis."
                    HPOS="638"
                    VPOS="1400"
                    WIDTH="782"
                    HEIGHT="103"
                    WC="0.985651739618995"></String>
          </TextLine>

          
          
          <TextLine ID="eSc_line_2570f279"
                    TAGREFS="LT4161"
                    BASELINE="727 1784 2541 1779" 
                    HPOS="725"
                    VPOS="1714"
                    WIDTH="1816"
                    HEIGHT="89">
            <Shape><Polygon POINTS="727 1784 727 1803 2539 1798 2541 1779 2537 1728 2253 1728 2251 1726 2237 1714 2235 1714 2232 1714 2230 1714 2228 1714 2197 1726 2195 1728 1982 1728 1979 1726 1965 1714 1963 1714 1961 1714 1958 1714 1956 1714 1930 1726 1928 1726 1921 1726 1855 1714 1853 1714 1851 1714 1848 1714 1834 1726 1832 1728 1631 1728 1577 1723 1479 1716 1476 1716 1434 1723 1411 1728 1373 1723 1308 1716 1305 1716 1268 1723 1242 1728 1184 1723 1102 1716 1099 1716 725 1721 727 1784"/></Shape>
	    <String CONTENT="Un grondement souterrain me fait sursauter, suivi"
                    HPOS="725"
                    VPOS="1714"
                    WIDTH="1816"
                    HEIGHT="89"
                    WC="0.9862227646671996"></String>
          </TextLine>

          
          
          <TextLine ID="eSc_line_77f2e92f"
                    TAGREFS="LT4161"
                    BASELINE="638 1887 2544 1887" 
                    HPOS="638"
                    VPOS="1817"
                    WIDTH="1906"
                    HEIGHT="86">
            <Shape><Polygon POINTS="638 1887 638 1903 2544 1903 2544 1887 2544 1831 2522 1817 2520 1817 2518 1817 2515 1817 2513 1817 2452 1831 2202 1817 2199 1817 2197 1817 2195 1817 2176 1833 1834 1833 1675 1817 1673 1817 1671 1817 1668 1817 1645 1836 1539 1836 1507 1819 1504 1819 1502 1819 1394 1833 1263 1817 1261 1817 1259 1817 1212 1833 1179 1817 1177 1817 1174 1817 1013 1831 954 1817 952 1817 950 1817 947 1817 912 1836 819 1836 669 1817 667 1817 664 1817 662 1817 638 1831 638 1887"/></Shape>
	    <String CONTENT="d’une véritable détonation. Vite, je cours à l’avant"
                    HPOS="638"
                    VPOS="1817"
                    WIDTH="1906"
                    HEIGHT="86"
                    WC="0.9866481759331444"></String>
          </TextLine>

          
          
          <TextLine ID="eSc_line_563c7b9e"
                    TAGREFS="LT4161"
                    BASELINE="638 1992 2539 1988" 
                    HPOS="636"
                    VPOS="1920"
                    WIDTH="1903"
                    HEIGHT="98">
            <Shape><Polygon POINTS="638 1992 638 2006 1537 2018 1539 2018 1647 2004 1657 2004 1900 2004 1902 2004 1919 2016 1921 2016 1923 2016 1926 2016 2125 2004 2141 2016 2143 2016 2146 2016 2148 2018 2518 2018 2518 2016 2520 2016 2522 2016 2539 2002 2539 1988 2534 1938 2427 1938 2389 1920 2387 1920 2384 1920 2382 1920 2319 1936 2295 1920 2293 1920 2291 1920 2288 1920 2286 1920 2242 1931 2157 1920 2155 1920 2153 1920 2150 1920 2129 1938 1994 1938 1961 1920 1958 1920 1956 1920 1954 1920 1902 1936 1867 1922 1865 1922 1862 1922 1860 1922 1858 1922 1839 1936 1652 1936 1551 1922 1549 1922 1547 1922 1488 1938 1359 1924 1357 1924 1355 1924 1352 1924 1334 1941 1160 1941 1137 1922 1135 1922 1132 1922 1130 1922 1057 1941 936 1941 882 1922 879 1922 877 1922 875 1922 823 1936 767 1922 765 1922 762 1922 760 1922 758 1922 739 1936 667 1922 664 1922 662 1922 659 1922 636 1936 638 1992"/></Shape>
	    <String CONTENT="du bateau où une tempête vient de se déchaîner."
                    HPOS="636"
                    VPOS="1920"
                    WIDTH="1903"
                    HEIGHT="98"
                    WC="0.9948833713344499"></String>
          </TextLine>

          
          
          <TextLine ID="eSc_line_46456df7"
                    TAGREFS="LT4161"
                    BASELINE="723 2097 2539 2090" 
                    HPOS="720"
                    VPOS="2023"
                    WIDTH="1819"
                    HEIGHT="98">
            <Shape><Polygon POINTS="723 2097 723 2109 1317 2121 1319 2121 1600 2109 1696 2121 1699 2121 1701 2121 1729 2109 1795 2121 1797 2121 1799 2121 1830 2109 1926 2121 1928 2121 1930 2121 1933 2121 1933 2119 1944 2109 1956 2119 1958 2119 1961 2119 1963 2121 2104 2121 2104 2119 2106 2119 2108 2119 2125 2107 2141 2119 2143 2119 2146 2119 2148 2121 2408 2121 2408 2119 2410 2119 2412 2119 2427 2107 2513 2119 2515 2119 2518 2119 2520 2119 2539 2105 2539 2090 2534 2041 2415 2041 2415 2039 2377 2023 2375 2023 2373 2023 2370 2023 2324 2039 2199 2023 2197 2023 1968 2039 1928 2044 1818 2044 1813 2039 1799 2027 1797 2027 1795 2027 1792 2027 1790 2027 1748 2039 1738 2041 1731 2039 1699 2027 1696 2027 1694 2027 1692 2027 1654 2039 1642 2041 1460 2041 1455 2039 1411 2025 1408 2025 1406 2025 1327 2039 1296 2044 1284 2039 1263 2027 1261 2027 1259 2027 1256 2027 1219 2039 1200 2044 1011 2044 1001 2039 975 2027 973 2027 971 2027 910 2039 879 2044 863 2039 833 2027 830 2027 828 2027 720 2037 723 2097"/></Shape>
	    <String CONTENT="L’océan s’est entrouvert et un mur liquide se"
                    HPOS="720"
                    VPOS="2023"
                    WIDTH="1819"
                    HEIGHT="98"
                    WC="0.9883893352487813"></String>
          </TextLine>

          
          
          <TextLine ID="eSc_line_19f50dea"
                    TAGREFS="LT4161"
                    BASELINE="636 2198 2537 2193" 
                    HPOS="634"
                    VPOS="2130"
                    WIDTH="1903"
                    HEIGHT="94">
            <Shape><Polygon POINTS="636 2198 636 2212 1408 2212 1434 2224 1437 2224 1439 2224 1591 2210 1713 2221 1715 2221 1860 2210 2101 2221 2104 2221 2366 2210 2382 2221 2384 2221 2387 2221 2389 2221 2391 2221 2394 2221 2408 2210 2422 2221 2424 2221 2427 2221 2429 2221 2537 2205 2537 2193 2532 2147 2333 2147 2300 2130 2298 2130 2295 2130 2293 2130 2239 2147 2052 2147 1996 2130 1994 2130 1991 2130 1989 2130 1951 2144 1877 2130 1874 2130 1872 2130 1869 2130 1851 2147 1582 2147 1474 2133 1472 2133 1205 2147 1186 2133 1184 2133 1181 2133 1179 2133 1043 2144 940 2133 938 2133 936 2133 896 2147 662 2133 659 2133 657 2133 655 2133 634 2144 636 2198"/></Shape>
	    <String CONTENT="dresse devant moi. Je n’ai que le temps de voir"
                    HPOS="634"
                    VPOS="2130"
                    WIDTH="1903"
                    HEIGHT="94"
                    WC="0.98560084180629"></String>
          </TextLine>

          
          
          <TextLine ID="eSc_line_88b31d58"
                    TAGREFS="LT4161"
                    BASELINE="636 2301 2534 2301" 
                    HPOS="636"
                    VPOS="2238"
                    WIDTH="1898"
                    HEIGHT="84">
            <Shape><Polygon POINTS="636 2301 636 2322 2534 2322 2534 2301 2534 2252 2153 2238 2150 2238 2148 2238 2146 2238 2129 2252 1987 2252 1935 2238 1933 2238 1930 2238 1867 2252 1217 2252 1109 2238 1107 2238 1104 2238 1102 2238 1085 2252 987 2252 924 2238 922 2238 919 2238 917 2238 896 2252 737 2252 664 2238 662 2238 659 2238 636 2250 636 2301"/></Shape>
	    <String CONTENT="des gerbes d’eau sur une soixantaine de mètres"
                    HPOS="636"
                    VPOS="2238"
                    WIDTH="1898"
                    HEIGHT="84"
                    WC="0.9986571809078785"></String>
          </TextLine>

          
          
          <TextLine ID="eSc_line_8f8a80dd"
                    TAGREFS="LT4161"
                    BASELINE="638 2402 989 2406" 
                    HPOS="636"
                    VPOS="2334"
                    WIDTH="353"
                    HEIGHT="89">
            <Shape><Polygon POINTS="638 2402 636 2418 985 2423 989 2406 989 2359 943 2336 940 2336 938 2336 936 2336 933 2336 915 2352 835 2352 809 2334 807 2334 805 2334 802 2334 800 2334 739 2355 676 2334 674 2334 671 2334 669 2334 667 2334 638 2350 638 2402"/></Shape>
	    <String CONTENT="de front."
                    HPOS="636"
                    VPOS="2334"
                    WIDTH="353"
                    HEIGHT="89"
                    WC="0.9967018167177836"></String>
          </TextLine>

          
          
          <TextLine ID="eSc_line_4ec13dad"
                    TAGREFS="LT4161"
                    BASELINE="727 2514 2534 2507" 
                    HPOS="725"
                    VPOS="2439"
                    WIDTH="1809"
                    HEIGHT="103">
            <Shape><Polygon POINTS="727 2514 727 2530 844 2542 847 2542 849 2542 851 2542 865 2530 868 2530 1221 2530 1233 2530 1324 2542 1327 2542 1329 2542 1350 2530 1357 2528 1427 2530 1626 2540 1628 2540 1776 2530 1820 2528 1848 2530 1921 2537 1923 2537 1926 2537 1928 2537 1935 2530 1942 2526 2047 2530 2230 2537 2232 2537 2270 2530 2288 2526 2298 2530 2314 2537 2317 2537 2319 2537 2532 2528 2534 2507 2527 2439 2441 2458 1937 2458 1905 2441 1902 2441 1900 2441 1898 2441 1895 2441 1841 2458 1748 2458 1729 2441 1727 2441 1724 2441 1722 2441 1703 2441 1542 2458 1476 2444 1462 2441 1460 2441 1439 2444 1324 2460 725 2448 727 2514"/></Shape>
	    <String CONTENT="Et, de nouveau, cette espèce de vacarme sourd"
                    HPOS="725"
                    VPOS="2439"
                    WIDTH="1809"
                    HEIGHT="103"
                    WC="0.9687421464401743"></String>
          </TextLine>

          
          
          <TextLine ID="eSc_line_9d21d01a"
                    TAGREFS="LT4161"
                    BASELINE="638 2610 1074 2614" 
                    HPOS="636"
                    VPOS="2547"
                    WIDTH="438"
                    HEIGHT="95">
            <Shape><Polygon POINTS="638 2610 636 2626 720 2642 723 2642 1071 2631 1074 2614 1074 2563 1043 2547 1041 2547 1039 2547 1036 2547 987 2563 908 2547 905 2547 638 2558 638 2610"/></Shape>
	    <String CONTENT="et profond."
                    HPOS="636"
                    VPOS="2547"
                    WIDTH="438"
                    HEIGHT="95"
                    WC="0.9985554326664318"></String>
          </TextLine>

          
          
          <TextLine ID="eSc_line_e960764b"
                    TAGREFS="LT4161"
                    BASELINE="730 2720 1355 2720" 
                    HPOS="730"
                    VPOS="2649"
                    WIDTH="625"
                    HEIGHT="99">
            <Shape><Polygon POINTS="730 2720 730 2734 1109 2748 1111 2748 1355 2734 1355 2720 1355 2671 1242 2671 1238 2666 1200 2649 1198 2649 1195 2649 1081 2663 1034 2668 730 2656 730 2720"/></Shape>
	    <String CONTENT="La mer explose."
                    HPOS="730"
                    VPOS="2649"
                    WIDTH="625"
                    HEIGHT="99"
                    WC="0.9967890938123067"></String>
          </TextLine>

          
          
          <TextLine ID="eSc_line_217c0378"
                    TAGREFS="LT4161"
                    BASELINE="730 2825 2529 2825" 
                    HPOS="730"
                    VPOS="2752"
                    WIDTH="1799"
                    HEIGHT="96">
            <Shape><Polygon POINTS="730 2825 730 2839 2527 2848 2529 2825 2513 2771 2410 2771 2408 2769 2375 2752 2373 2752 2370 2752 2291 2766 2237 2752 2235 2752 2232 2752 2230 2752 2228 2752 2209 2769 2207 2771 2087 2771 2082 2766 2066 2752 2064 2752 2061 2752 2059 2752 1991 2766 1977 2769 1867 2769 1862 2766 1844 2752 1841 2752 1839 2752 1837 2752 1834 2752 1797 2764 1783 2771 1654 2771 1645 2764 1626 2752 1624 2752 1621 2752 1523 2752 1521 2752 1518 2752 1497 2764 1486 2771 1247 2771 1231 2762 1212 2752 1209 2752 1207 2752 1205 2752 1179 2762 1156 2769 730 2759 730 2825"/></Shape>
	    <String CONTENT="Une masse énome jaillit, se dresse hors de l’eau,"
                    HPOS="730"
                    VPOS="2752"
                    WIDTH="1799"
                    HEIGHT="96"
                    WC="0.99070232629776"></String>
          </TextLine>

          
          
          <TextLine ID="eSc_line_9c0fde99"
                    TAGREFS="LT4161"
                    BASELINE="638 2925 2527 2921" 
                    HPOS="636"
                    VPOS="2855"
                    WIDTH="1891"
                    HEIGHT="89">
            <Shape><Polygon POINTS="638 2925 638 2944 2525 2939 2527 2921 2525 2872 2485 2855 2483 2855 2480 2855 2396 2869 2155 2855 2153 2855 2150 2855 2148 2855 2125 2872 1984 2872 1900 2855 1898 2855 1895 2855 1867 2869 1806 2858 1804 2858 1525 2872 1472 2858 1469 2858 1387 2858 1385 2858 1383 2858 1380 2858 1362 2872 1284 2858 1282 2858 1280 2858 1249 2872 1167 2860 1165 2860 1022 2872 989 2858 987 2858 889 2858 887 2858 884 2858 882 2858 868 2869 823 2858 821 2858 819 2858 636 2874 638 2925"/></Shape>
	    <String CONTENT="monte à la verticale. Un moment, elle semble s’arré¬"
                    HPOS="636"
                    VPOS="2855"
                    WIDTH="1891"
                    HEIGHT="89"
                    WC="0.9686967145513605"></String>
          </TextLine>

          
          
          <TextLine ID="eSc_line_d845785b"
                    TAGREFS="LT4161"
                    BASELINE="638 3031 2529 3026" 
                    HPOS="636"
                    VPOS="2963"
                    WIDTH="1893"
                    HEIGHT="84">
            <Shape><Polygon POINTS="638 3031 638 3047 2529 3042 2529 3026 2518 2975 2403 2963 2171 2963 2169 2963 2167 2963 2164 2963 2148 2975 1518 2965 1516 2965 1460 2977 657 2965 655 2965 652 2965 650 2965 636 2975 638 3031"/></Shape>
	    <String CONTENT="ter, le temps de me montrer son ventre strié de blanc"
                    HPOS="636"
                    VPOS="2963"
                    WIDTH="1893"
                    HEIGHT="84"
                    WC="0.9925089312924279"></String>
          </TextLine>

          
          
          <TextLine ID="eSc_line_dc48b2af"
                    TAGREFS="LT4161"
                    BASELINE="638 3134 2527 3134" 
                    HPOS="638"
                    VPOS="3068"
                    WIDTH="1889"
                    HEIGHT="87">
            <Shape><Polygon POINTS="638 3134 638 3155 2527 3155 2527 3134 2527 3082 2448 3068 2445 3068 2356 3080 2202 3068 2199 3068 2197 3068 2195 3068 2178 3082 1664 3082 1642 3068 1640 3068 1638 3068 1635 3068 1572 3080 1507 3068 1504 3068 1408 3080 1348 3068 1345 3068 1343 3068 1341 3068 1324 3082 1104 3082 1004 3068 1001 3068 999 3068 971 3082 638 3082 638 3134"/></Shape>
	    <String CONTENT="qui ruisselle puis, étendant ses nageoires frangées"
                    HPOS="638"
                    VPOS="3068"
                    WIDTH="1889"
                    HEIGHT="87"
                    WC="0.9910550207461951"></String>
          </TextLine>

          
          
          <TextLine ID="eSc_line_c94ab5de"
                    TAGREFS="LT4161"
                    BASELINE="638 3237 2522 3232" 
                    HPOS="636"
                    VPOS="3164"
                    WIDTH="1886"
                    HEIGHT="91">
            <Shape><Polygon POINTS="638 3237 638 3255 2520 3251 2522 3232 2520 3185 2445 3164 2443 3164 2333 3164 2331 3164 2328 3164 2326 3164 2300 3185 2047 3185 1994 3164 1991 3164 1989 3164 1987 3164 1984 3164 1956 3183 1940 3169 1937 3169 1935 3169 1933 3169 1930 3169 1928 3169 1912 3180 1858 3164 1855 3164 1853 3164 1851 3164 1797 3183 1748 3164 1745 3164 1743 3164 1741 3164 1687 3183 1638 3164 1635 3164 1633 3164 1631 3164 1563 3185 1509 3171 1507 3171 1504 3171 1401 3185 1366 3166 1364 3166 1362 3166 1188 3185 669 3166 667 3166 664 3166 662 3166 636 3183 638 3237"/></Shape>
	    <String CONTENT="d’éclaboussures, elle retombe à plat dans une défla¬"
                    HPOS="636"
                    VPOS="3164"
                    WIDTH="1886"
                    HEIGHT="91"
                    WC="0.9874462593685497"></String>
          </TextLine>

          
          
          <TextLine ID="eSc_line_6e7442f9"
                    TAGREFS="LT4161"
                    BASELINE="643 3342 1507 3337" 
                    HPOS="641"
                    VPOS="3274"
                    WIDTH="866"
                    HEIGHT="94">
            <Shape><Polygon POINTS="643 3342 643 3368 1507 3356 1507 3337 1502 3290 1188 3274 1186 3274 1048 3290 669 3279 667 3279 664 3279 662 3279 641 3288 643 3342"/></Shape>
	    <String CONTENT="gration assourdissante."
                    HPOS="641"
                    VPOS="3274"
                    WIDTH="866"
                    HEIGHT="94"
                    WC="0.9926911981209464"></String>
          </TextLine>

          
          
          <TextLine ID="eSc_line_9f80bd92"
                    TAGREFS="LT4161"
                    BASELINE="730 3445 2132 3445" 
                    HPOS="730"
                    VPOS="3375"
                    WIDTH="1402"
                    HEIGHT="88">
            <Shape><Polygon POINTS="730 3445 730 3463 2132 3463 2132 3445 2132 3396 1935 3396 1916 3377 1916 3375 1914 3375 1912 3375 1909 3375 1907 3375 1867 3391 1830 3375 1827 3375 1825 3375 1823 3375 1820 3375 1820 3377 1802 3396 1682 3396 1621 3375 1619 3375 1617 3375 1614 3375 1575 3393 1532 3375 1530 3375 1528 3375 1525 3375 1523 3375 1500 3393 1371 3375 1369 3375 1366 3375 1291 3393 1064 3379 1062 3379 1060 3379 1057 3379 1057 3382 1046 3393 950 3393 929 3377 926 3377 924 3377 922 3377 919 3377 875 3393 837 3375 835 3375 755 3375 753 3375 751 3375 748 3375 730 3389 730 3445"/></Shape>
	    <String CONTENT="C’est notre première baleine à bosse."
                    HPOS="730"
                    VPOS="3375"
                    WIDTH="1402"
                    HEIGHT="88"
                    WC="0.985045225192339"></String>
          </TextLine>

          
          
          <TextLine ID="eSc_line_c41be87c"
                    TAGREFS="LT4161"
                    BASELINE="725 3548 2522 3548" 
                    HPOS="725"
                    VPOS="3487"
                    WIDTH="1797"
                    HEIGHT="93">
            <Shape><Polygon POINTS="725 3548 725 3566 802 3580 805 3580 868 3569 1387 3580 1390 3580 2522 3566 2522 3548 2522 3498 725 3487 725 3548"/></Shape>
	    <String CONTENT="Il y en a une autre, puis encore une et on renonce"
                    HPOS="725"
                    VPOS="3487"
                    WIDTH="1797"
                    HEIGHT="93"
                    WC="0.9862811481952667"></String>
          </TextLine>

          
          
          <TextLine ID="eSc_line_bb6875bc"
                    TAGREFS="LT4161"
                    BASELINE="638 3653 1448 3648" 
                    HPOS="636"
                    VPOS="3587"
                    WIDTH="812"
                    HEIGHT="85">
            <Shape><Polygon POINTS="638 3653 638 3672 1446 3669 1448 3648 1444 3597 636 3587 638 3653"/></Shape>
	    <String CONTENT="bientôt à les compter."
                    HPOS="636"
                    VPOS="3587"
                    WIDTH="812"
                    HEIGHT="85"
                    WC="0.9972128222386042"></String>
          </TextLine>

          
        </TextBlock>
        
        <TextBlock HPOS="627"
                   VPOS="3759"
                   WIDTH="155"
                   HEIGHT="111"
                   ID="block_1"
                   TAGREFS="BT10606">
          <Shape><Polygon POINTS="782 3759 782 3870 627 3870 627 3759"/></Shape>
          
          
          <TextLine ID="eSc_line_7b03bf73"
                    TAGREFS="LT4161"
                    BASELINE="631 3833 765 3828" 
                    HPOS="629"
                    VPOS="3758"
                    WIDTH="136"
                    HEIGHT="91">
            <Shape><Polygon POINTS="631 3833 631 3849 765 3847 765 3828 760 3770 702 3758 699 3758 629 3772 631 3833"/></Shape>
	    <String CONTENT="288"
                    HPOS="629"
                    VPOS="3758"
                    WIDTH="136"
                    HEIGHT="91"
                    WC="0.9988507429758707"></String>
          </TextLine>

          
        </TextBlock>
        

        
      </PrintSpace>
    </Page>
  </Layout>
</alto>
