2977 4210
833 453 1795 103 Dans le rétro j’aperçois le pécore qui épaule son

741 551 305 106 flingue.

830 654 277 103 Bang!

830 757 1795 101 Une gerbe crépite sur l’arière du 4x4.Avec son

741 860 1877 103 gros sel ou son plomb à chasser le lapin, ce ped¬

739 968 1884 86 ZOuille ne risque pas de faire grand mal à une grosse

737 1068 1034 92 bête comme ma Cherokee!

849 1164 1765 99 – Mort aux cons! je braille. Vive l’anarchie!

821 1270 1797 88 J'allume les antibrouillards, les projecteurs du

734 1377 1880 96 toit, je mets la gomme et reviens pleins phares.

734 1478 1880 84 Dans la cour de feme illuminée, je vise entre mes

730 1576 1886 98 infirmiers et le pécore qui s’affole en bricolant

730 1674 1881 103 son fusil. Il a dû baiser quelque chose, ce con! Je

730 1782 1881 98 freine à leur hauteur, juste le temps de permettre

730 1882 1879 101 à mes anges gardiens de déployer leurs ailes. Ils

730 1992 1879 96 captent, sautent, s’envolent, et je repars avec eux en

730 2088 774 87 mettant les boosters.

828 2184 1779 103 – La tronche au cul-terreux! je beugle. La

730 2289 1867 89 tronche de ce pécore! Putain! Z’avez vu la tronche?

816 2390 1786 103 Encore une décharge qui fait zinguer le toit de

730 2495 1870 87 la caisse. J’ai bien envie de faire demi-tour pour lui

732 2600 1865 99 apprendre à vivre à ce plouc. Mais pas la peine,

727 2703 1868 96 dans le rétro, j’aperçois le toit de la ferme qui s’em¬

727 2801 803 96 brase d’un seul coup.

816 2902 1781 101 Un peu d’essence et de la paille, y a rien de tel.

730 3005 1870 101 Mon Zippo fait merveille. Comme d’habitude. Y a

732 3108 1863 100 pas, le feu purifie tout. Les fermes et les usines

723 3215 1867 94 comme les saloperies qui nous entourent. La pour¬

725 3314 1865 86 riture de ce monde qui nous bouffe le foie a atta¬

730 3419 1860 96 qué aussi notre cœur Notre âme est gangrenée.

737 3522 1856 86 10ut est voué à la décomposition, rien ne pourra

725 3693 133 88 182
