2977 4210
484 402 1875 96 de voir ses boudins plonger au cul du bestiau,

484 502 1875 103 fourgonner les intérieurs et en sortir de pleines

484 605 1877 103 fournées de tripes et de boyaux. À présent que la

491 713 1870 93 gravosse va mettre bas dans mon bateau, c’est ce

484 806 651 103 que je vais faire.

578 909 1776 103 J’envoie la main. Il n’y a pas beaucoup de place.

484 1012 1870 105 Je force, je réussis à agripper et je tire. Ça dérape,

484 1115 1877 105 ça glisse, ça ne veut pas venir. La Yoyo y tient

482 1218 1874 89 à son chiard, ou c’est lui qui tient à elle ! Cette

479 1321 1873 103 cochonnerie ne veut pas éjecter. Saloperie! je

479 1422 1877 93 bougonne. Faut comprendre: la nuit est là et il fait

482 1522 648 103 un froid de loup.

589 1620 1758 110 — L’eau, dit Zéphyrin, elle va bientôt faire des

482 1723 276 96 bulles.

624 1829 684 102 – Ça tombe bien.

568 1934 1774 91 La grosse se met à beugler. Un vrai barrissement.

482 2041 1860 92 À force de tripatouiller cette mammouth, ça marche.

479 2142 1859 103 Je prends la tête sous le menton et je tire. Pas trop.

479 2247 1859 105 Je chope un bras puis l’autre. Ça y est, ça vient.

479 2345 417 101 J’ai réussi.

575 2448 1763 96 Yolaine reprend son souffle. Elle s’est affalée

477 2556 1854 93 sur la banquette de la voiture, elle baigne dans ses

477 2663 325 87 ordures.

629 2759 328 103 — Tiens.

554 2865 1770 105 Je veux lui donner son bébé. J’ai vu faire ça dans

472 2975 1852 102 les films. La sage-femme présente son nouveau-

470 3080 1854 98 né à la mère qui sourit et regarde avec émotion le

470 3183 1851 107 cadeau qu’elle s’est fait– ou plutôt qu’un gros

470 3286 1851 105 dégueulasse lui a cloqué dans le buffet. Les

470 3393 1844 105 mamans, d’habitude, elles adorent ça, il paraît;

472 3494 1852 114 pas Yolaine. Elle, elle meugle plus fort et regarde

2244 3688 68 96 59
