<?xml version="1.0" encoding="UTF-8"?>
<alto xmlns:xsi="http://www.w3.org/2001/XMLSchema-instance"
      xmlns="http://www.loc.gov/standards/alto/ns-v4#"
      xsi:schemaLocation="http://www.loc.gov/standards/alto/ns-v4# http://www.loc.gov/standards/alto/v4/alto-4-2.xsd">
  <Description>
    <MeasurementUnit>pixel</MeasurementUnit>
    <sourceImageInformation>
      <fileName>page_00008.png</fileName>
      
    </sourceImageInformation>
  </Description>
  
  <Tags>
    <OtherTag ID="BT10605" LABEL="MainZone" DESCRIPTION="block type MainZone"/><OtherTag ID="BT10606" LABEL="NumberingZone" DESCRIPTION="block type NumberingZone"/><OtherTag ID="BT10607" LABEL="RunningTitleZone" DESCRIPTION="block type RunningTitleZone"/><OtherTag ID="BT10608" LABEL="QuireMarksZone" DESCRIPTION="block type QuireMarksZone"/><OtherTag ID="BT10609" LABEL="CustomZone" DESCRIPTION="block type CustomZone"/>
    <OtherTag ID="LT4159" LABEL="DefaultLine" DESCRIPTION="line type DefaultLine"/><OtherTag ID="LT4160" LABEL="HeadingLine" DESCRIPTION="line type HeadingLine"/><OtherTag ID="LT4161" LABEL="default" DESCRIPTION="line type default"/>
  </Tags>
  
  <Layout>
    <Page WIDTH="2977"
          HEIGHT="4210"
          PHYSICAL_IMG_NR="7"
          ID="eSc_dummypage_">
      <PrintSpace HPOS="0"
                  VPOS="0"
                  WIDTH="2977"
                  HEIGHT="4210">
        
        <TextBlock HPOS="650.915283203125"
                   VPOS="420.8585510253906"
                   WIDTH="1913.091064453125"
                   HEIGHT="2094.3699645996094"
                   ID="block_0"
                   TAGREFS="BT10605">
          <Shape><Polygon POINTS="650.915 420.859 2564.01 420.859 2564.01 2515.23 650.915 2515.23 650.915 420.859"/></Shape>
          
          
          <TextLine ID="eSc_line_e7a64c97"
                    TAGREFS="LT4159"
                    BASELINE="765 530 2532 523" 
                    HPOS="762"
                    VPOS="458"
                    WIDTH="1770"
                    HEIGHT="98">
            <Shape><Polygon POINTS="2377 465 2354 465 2345 465 2307 474 2279 463 2260 463 2242 463 2216 474 2216 477 2054 477 2052 474 2024 460 2003 460 1998 460 1963 474 1961 474 1956 474 1898 460 1886 460 1879 458 1862 474 1858 477 1844 474 1781 460 1778 460 1776 460 1729 474 1715 477 1703 474 1664 460 1661 460 1659 460 1657 460 1617 472 1610 477 1399 477 1390 472 1366 458 1364 458 1362 458 1359 458 1357 458 1315 472 1303 477 1298 472 1282 460 1280 460 1277 460 1165 460 1163 460 1160 460 1130 472 1111 479 1053 472 964 460 924 460 922 460 919 460 917 460 903 472 894 479 875 472 847 460 844 460 842 460 762 470 765 530 765 544 1198 544 1289 556 1291 556 1294 556 1296 556 1310 544 1816 554 1818 554 1820 554 1858 542 1930 554 1933 554 1935 554 1937 554 1956 540 2001 551 2003 551 2005 554 2513 554 2513 551 2515 551 2518 551 2532 537 2532 523 2527 477 2389 474 2377 465 2377 465"/></Shape>
	    <String CONTENT="De leur côté, les assistants de la productrice"
                    HPOS="762"
                    VPOS="458"
                    WIDTH="1770"
                    HEIGHT="98"
                    WC="0.981450238575538"></String>
          </TextLine>

          
          
          <TextLine ID="eSc_line_5036e1f9"
                    TAGREFS="LT4159"
                    BASELINE="676 636 2534 626" 
                    HPOS="674"
                    VPOS="558"
                    WIDTH="1860"
                    HEIGHT="92">
            <Shape><Polygon POINTS="676 636 676 650 2532 643 2534 626 2529 577 2218 577 2134 558 2132 558 2129 558 2127 558 2104 575 1984 561 1982 561 1979 561 1977 561 1956 580 1884 580 1862 563 1860 563 1858 563 1855 563 1853 563 1851 563 1834 577 1692 577 1626 561 1624 561 1621 561 1619 561 1617 561 1598 575 1558 563 1556 563 1554 563 1551 563 1549 563 1528 580 1446 563 1444 563 1324 580 1057 566 1055 566 1053 566 1050 566 1029 582 1006 566 1004 566 1001 566 999 566 894 580 723 566 720 566 718 566 674 584 676 636"/></Shape>
	    <String CONTENT="S’étaient décarcassés: à les entendre, ils avaient"
                    HPOS="674"
                    VPOS="558"
                    WIDTH="1860"
                    HEIGHT="92"
                    WC="0.9729417705977405"></String>
          </TextLine>

          
          
          <TextLine ID="eSc_line_0a46c99c"
                    TAGREFS="LT4159"
                    BASELINE="674 739 2527 732" 
                    HPOS="671"
                    VPOS="661"
                    WIDTH="1856"
                    HEIGHT="92">
            <Shape><Polygon POINTS="674 739 674 753 2525 746 2527 732 2522 682 2441 661 2438 661 2436 661 2382 680 2263 680 2246 666 2244 666 2242 666 2239 666 2237 666 2235 666 2214 680 2192 664 2190 664 2188 664 2185 664 2183 664 2181 664 2164 678 1893 682 1839 664 1837 664 1834 664 1764 678 1696 664 1694 664 1692 664 1689 664 1659 682 1605 664 1603 664 1600 664 1598 664 1539 680 1446 664 1444 664 1441 664 1439 664 1413 685 1287 685 1268 668 1266 668 1263 668 1261 668 1259 668 1212 685 734 666 732 666 730 666 671 685 674 739"/></Shape>
	    <String CONTENT="réalisé un “casting d’enfer”. Ramassant tous les"
                    HPOS="671"
                    VPOS="661"
                    WIDTH="1856"
                    HEIGHT="92"></String>
          </TextLine>

          
          
          <TextLine ID="eSc_line_95977eb8"
                    TAGREFS="LT4159"
                    BASELINE="676 844 2529 832" 
                    HPOS="674"
                    VPOS="767"
                    WIDTH="1855"
                    HEIGHT="105">
            <Shape><Polygon POINTS="676 844 676 872 772 860 875 870 877 870 2527 851 2529 832 2527 783 2485 767 2483 767 2480 767 2136 783 2026 769 2024 769 2022 769 2019 769 1998 785 1879 785 1853 769 1851 769 1848 769 1846 769 1844 769 1783 785 1441 771 1439 771 1352 788 1092 774 1090 774 1004 790 784 776 781 776 674 792 676 844"/></Shape>
	    <String CONTENT="petits comédiens qu’ils avaient pu trouver sur la"
                    HPOS="674"
                    VPOS="767"
                    WIDTH="1855"
                    HEIGHT="105"
                    WC="0.9884862375259399"></String>
          </TextLine>

          
          
          <TextLine ID="eSc_line_ef895ebf"
                    TAGREFS="LT4159"
                    BASELINE="676 947 2522 935" 
                    HPOS="674"
                    VPOS="867"
                    WIDTH="1848"
                    HEIGHT="108">
            <Shape><Polygon POINTS="676 947 676 975 835 963 1570 965 2125 965 2127 965 2520 951 2522 935 2518 884 2328 884 2284 867 2281 867 2279 867 2204 881 2155 867 2153 867 2150 867 2148 867 2146 867 2120 884 1949 870 1947 870 1944 870 1942 870 1921 886 1736 886 1717 874 1715 874 1713 874 1710 874 1708 874 1706 874 1689 888 1401 888 1343 874 1341 874 1338 874 1336 874 1334 874 1315 888 1238 874 1235 874 1233 874 1231 874 1212 891 1097 891 1046 874 1043 874 1041 874 1039 874 980 888 922 877 919 877 917 877 915 877 896 891 725 877 723 877 720 877 674 893 676 947"/></Shape>
	    <String CONTENT="place de Paris, ils les avaient maquillés, les traves¬"
                    HPOS="674"
                    VPOS="867"
                    WIDTH="1848"
                    HEIGHT="108"
                    WC="0.9915354772047563"></String>
          </TextLine>

          
          
          <TextLine ID="eSc_line_3e8d7f6e"
                    TAGREFS="LT4159"
                    BASELINE="676 1050 2529 1038" 
                    HPOS="674"
                    VPOS="972"
                    WIDTH="1855"
                    HEIGHT="94">
            <Shape><Polygon POINTS="676 1050 676 1066 2527 1054 2529 1038 2525 989 2424 989 2403 972 2401 972 2398 972 2396 972 2251 984 2157 972 2155 972 2153 972 2150 972 2129 989 1799 975 1797 975 1795 975 1792 975 1792 977 1774 991 1586 977 1584 977 1481 991 1420 977 1418 977 1415 977 1413 977 1362 994 1046 979 1043 979 1041 979 1039 979 1015 996 901 984 898 984 737 996 699 982 697 982 695 982 692 982 690 982 674 994 676 1050"/></Shape>
	    <String CONTENT="tissant en “mômes drogués ou déviants”. Pour faire"
                    HPOS="674"
                    VPOS="972"
                    WIDTH="1855"
                    HEIGHT="94"></String>
          </TextLine>

          
          
          <TextLine ID="eSc_line_c32fed53"
                    TAGREFS="LT4159"
                    BASELINE="676 1153 2532 1141" 
                    HPOS="674"
                    VPOS="1071"
                    WIDTH="1858"
                    HEIGHT="110">
            <Shape><Polygon POINTS="676 1153 676 1181 842 1167 1071 1176 1090 1176 1092 1176 1099 1176 1174 1164 1231 1174 1247 1176 1249 1176 1289 1174 1420 1162 1591 1162 1605 1169 1612 1174 1614 1174 1617 1174 1619 1174 1734 1167 1860 1160 1881 1164 1902 1171 1905 1171 1907 1171 1956 1164 1987 1160 1996 1164 2012 1171 2015 1171 2017 1171 2104 1162 2132 1160 2192 1160 2448 1169 2450 1169 2532 1155 2532 1141 2527 1089 2377 1089 2317 1071 2314 1071 2312 1071 2309 1071 2307 1071 2286 1089 2204 1089 2162 1071 2160 1071 2157 1071 2155 1071 2153 1071 2127 1089 2026 1073 2024 1073 2022 1073 2019 1073 1998 1092 1956 1092 1891 1073 1888 1073 1886 1073 1884 1073 1881 1073 1858 1089 1788 1073 1785 1073 1783 1073 1781 1073 1759 1092 1731 1075 1729 1075 1727 1075 1724 1075 1668 1092 1621 1075 1619 1075 1617 1075 1614 1075 1612 1075 1591 1092 1570 1075 1568 1075 1565 1075 1476 1075 1474 1075 1472 1075 1413 1096 1142 1096 1069 1078 1067 1078 1064 1078 1062 1078 1039 1099 805 1099 730 1080 727 1080 725 1080 674 1099 676 1153"/></Shape>
	    <String CONTENT="plus vrai (la sainte télé était là!), des bandeaux"
                    HPOS="674"
                    VPOS="1071"
                    WIDTH="1858"
                    HEIGHT="110"
                    WC="0.9942900295610781"></String>
          </TextLine>

          
          
          <TextLine ID="eSc_line_3d534256"
                    TAGREFS="LT4159"
                    BASELINE="671 1253 2529 1239" 
                    HPOS="669"
                    VPOS="1176"
                    WIDTH="1860"
                    HEIGHT="96">
            <Shape><Polygon POINTS="671 1253 671 1272 2527 1258 2529 1239 2522 1176 2057 1190 2040 1181 2031 1176 2029 1176 2026 1176 1905 1176 1902 1176 1900 1176 1879 1183 1858 1192 1846 1185 1839 1178 1837 1178 1834 1178 1832 1178 1771 1185 1715 1192 1689 1188 1657 1178 1654 1178 1652 1178 1649 1178 1647 1178 1635 1188 1628 1192 1621 1188 1600 1178 1598 1178 1596 1178 1593 1178 1568 1188 1551 1195 1469 1190 1322 1181 1319 1181 1317 1181 1287 1192 1275 1199 971 1199 926 1197 699 1185 697 1185 695 1185 669 1197 671 1253"/></Shape>
	    <String CONTENT="électroniques occultaient de leur kaléidoscope bariolé"
                    HPOS="669"
                    VPOS="1176"
                    WIDTH="1860"
                    HEIGHT="96"
                    WC="0.9867467618825143"></String>
          </TextLine>

          
          
          <TextLine ID="eSc_line_acb19ae1"
                    TAGREFS="LT4159"
                    BASELINE="674 1354 2525 1344" 
                    HPOS="671"
                    VPOS="1281"
                    WIDTH="1854"
                    HEIGHT="105">
            <Shape><Polygon POINTS="674 1354 674 1370 940 1386 943 1386 1174 1370 1207 1368 1238 1370 1432 1384 1434 1384 1532 1368 1542 1368 1558 1368 1771 1382 1774 1382 1776 1382 1823 1368 1827 1368 2129 1379 2132 1379 2197 1365 2211 1363 2221 1365 2246 1375 2249 1375 2251 1375 2522 1363 2525 1344 2522 1298 2473 1281 2471 1281 2469 1281 2466 1281 2405 1298 2359 1298 1942 1298 1933 1295 1893 1284 1891 1284 1888 1284 1886 1284 1884 1284 1865 1295 1862 1298 1860 1295 1841 1286 1839 1286 1837 1286 1834 1286 1832 1286 1816 1295 1811 1300 1671 1300 1666 1295 1640 1284 1638 1284 1635 1284 1575 1295 1549 1302 1167 1302 1156 1295 1137 1286 1135 1286 1132 1286 1130 1286 1099 1295 1076 1302 1055 1295 1039 1288 1036 1288 1034 1288 1032 1288 1013 1295 989 1302 922 1295 863 1288 861 1288 826 1295 779 1302 671 1295 674 1354"/></Shape>
	    <String CONTENT="la plupart des visages. Ces petits singes savants"
                    HPOS="671"
                    VPOS="1281"
                    WIDTH="1854"
                    HEIGHT="105"
                    WC="0.9876447064535958"></String>
          </TextLine>

          
          
          <TextLine ID="eSc_line_e34763c4"
                    TAGREFS="LT4159"
                    BASELINE="674 1459 2525 1447" 
                    HPOS="671"
                    VPOS="1384"
                    WIDTH="1854"
                    HEIGHT="105">
            <Shape><Polygon POINTS="674 1459 674 1478 805 1489 807 1489 809 1489 812 1489 826 1478 828 1478 987 1478 997 1478 1036 1489 1039 1489 1041 1489 1165 1475 1174 1473 1816 1471 1984 1471 2150 1482 2153 1482 2239 1471 2501 1480 2504 1480 2506 1480 2508 1480 2525 1466 2525 1447 2520 1398 2033 1384 2031 1384 2029 1384 1984 1398 1797 1389 1795 1389 1706 1400 1626 1386 1624 1386 1621 1386 1619 1386 1596 1400 1563 1386 1561 1386 1558 1386 1556 1386 1554 1386 1535 1403 1481 1403 1413 1386 1411 1386 1408 1386 1376 1403 1359 1389 1357 1389 1355 1389 1352 1389 1259 1403 1191 1389 1188 1389 1107 1403 947 1391 945 1391 943 1391 940 1391 924 1405 671 1408 674 1459"/></Shape>
	    <String CONTENT="appointés par la chaîne tirèrent aux téléspectateurs"
                    HPOS="671"
                    VPOS="1384"
                    WIDTH="1854"
                    HEIGHT="105"
                    WC="0.9805942407825536"></String>
          </TextLine>

          
          
          <TextLine ID="eSc_line_336eec76"
                    TAGREFS="LT4159"
                    BASELINE="671 1562 2527 1553" 
                    HPOS="669"
                    VPOS="1492"
                    WIDTH="1858"
                    HEIGHT="86">
            <Shape><Polygon POINTS="671 1562 671 1578 2525 1569 2527 1553 2520 1492 2438 1506 1933 1506 1916 1499 1907 1494 1905 1494 1902 1494 1900 1494 1888 1499 1872 1506 1830 1499 1799 1496 1797 1496 1334 1506 1123 1510 1071 1510 695 1499 692 1499 690 1499 688 1499 669 1508 671 1562"/></Shape>
	    <String CONTENT="des larmes comme on n’en avait jamais recensé"
                    HPOS="669"
                    VPOS="1492"
                    WIDTH="1858"
                    HEIGHT="86"
                    WC="0.9690349425958551"></String>
          </TextLine>

          
          
          <TextLine ID="eSc_line_958aed9a"
                    TAGREFS="LT4159"
                    BASELINE="674 1665 2527 1655" 
                    HPOS="671"
                    VPOS="1585"
                    WIDTH="1856"
                    HEIGHT="96">
            <Shape><Polygon POINTS="674 1665 674 1681 2525 1672 2527 1655 2522 1606 2373 1585 2370 1585 2368 1585 2366 1585 2338 1606 2181 1606 2125 1585 2122 1585 2120 1585 2118 1585 2047 1606 1963 1588 1961 1588 1958 1588 1956 1588 1933 1609 1872 1609 1811 1588 1809 1588 1806 1588 1804 1588 1745 1606 1537 1590 1535 1590 1532 1590 1490 1611 1425 1611 1385 1590 1383 1590 1380 1590 1256 1606 1207 1590 1205 1590 1202 1590 1200 1590 1198 1590 1170 1609 1142 1590 1139 1590 1137 1590 1135 1590 671 1613 674 1665"/></Shape>
	    <String CONTENT="qu’au Brésil chez les aficionados de telenovellas."
                    HPOS="671"
                    VPOS="1585"
                    WIDTH="1856"
                    HEIGHT="96"
                    WC="0.9935812809888054"></String>
          </TextLine>

          
          
          <TextLine ID="eSc_line_d949e3cc"
                    TAGREFS="LT4159"
                    BASELINE="755 1768 2532 1758" 
                    HPOS="753"
                    VPOS="1688"
                    WIDTH="1779"
                    HEIGHT="94">
            <Shape><Polygon POINTS="755 1768 755 1782 2532 1772 2532 1758 2527 1707 2370 1688 2368 1688 2291 1705 2235 1688 2232 1688 2230 1688 2228 1688 2225 1688 2204 1707 2141 1707 2089 1688 2087 1688 2085 1688 2082 1688 2080 1688 2066 1700 2026 1691 2024 1691 2022 1691 2019 1691 2017 1691 1996 1707 1900 1695 1898 1695 1895 1695 1893 1695 1879 1709 1788 1709 1769 1695 1767 1695 1764 1695 1762 1695 1671 1707 1654 1695 1652 1695 1649 1695 1647 1695 1645 1695 1642 1695 1628 1709 1603 1698 1600 1698 1598 1698 1596 1698 1558 1709 1502 1693 1500 1693 1497 1693 1495 1693 1460 1707 1444 1693 1441 1693 1439 1693 1261 1693 1259 1693 1256 1693 1195 1712 1153 1695 1151 1695 1149 1695 1146 1695 1099 1712 1018 1695 1015 1695 1013 1695 975 1714 861 1714 772 1695 769 1695 767 1695 765 1695 765 1698 753 1707 755 1768"/></Shape>
	    <String CONTENT="Bien sûr, la réalité était tout autre. Mais la télé a"
                    HPOS="753"
                    VPOS="1688"
                    WIDTH="1779"
                    HEIGHT="94"
                    WC="0.9733867301779279"></String>
          </TextLine>

          
          
          <TextLine ID="eSc_line_5c69907c"
                    TAGREFS="LT4159"
                    BASELINE="671 1871 2527 1861" 
                    HPOS="669"
                    VPOS="1791"
                    WIDTH="1858"
                    HEIGHT="94">
            <Shape><Polygon POINTS="671 1871 671 1885 2525 1875 2527 1861 2522 1810 2436 1810 2412 1791 2410 1791 2408 1791 2405 1791 2403 1791 2349 1807 2331 1791 2328 1791 2326 1791 2324 1791 2321 1791 2284 1803 2204 1791 2202 1791 2199 1791 2197 1791 2178 1803 2146 1791 2143 1791 2141 1791 2059 1810 1994 1793 1991 1793 1989 1793 1987 1793 1930 1810 1846 1798 1844 1798 1633 1810 1600 1793 1598 1793 1596 1793 1593 1793 1544 1812 1233 1796 1231 1796 1228 1796 1191 1812 1144 1796 1142 1796 1139 1796 1137 1796 1135 1796 1111 1817 992 1817 943 1798 940 1798 938 1798 936 1798 903 1814 786 1800 784 1800 669 1817 671 1871"/></Shape>
	    <String CONTENT="autre chose à dire que de montrer la réalité. Les"
                    HPOS="669"
                    VPOS="1791"
                    WIDTH="1858"
                    HEIGHT="94"
                    WC="0.9829741108876008"></String>
          </TextLine>

          
          
          <TextLine ID="eSc_line_4cecc63b"
                    TAGREFS="LT4159"
                    BASELINE="669 1974 2527 1962" 
                    HPOS="667"
                    VPOS="1899"
                    WIDTH="1860"
                    HEIGHT="91">
            <Shape><Polygon POINTS="669 1974 669 1990 2525 1978 2527 1962 2520 1910 2183 1910 2122 1899 2120 1899 2118 1899 2115 1899 2099 1913 2097 1915 1851 1915 1792 1915 1708 1901 1706 1901 1703 1901 1647 1915 1642 1917 1231 1917 1226 1917 1057 1903 1055 1903 945 1920 940 1920 933 1920 695 1906 692 1906 690 1906 688 1906 667 1915 669 1974"/></Shape>
	    <String CONTENT="téléspectateurs commencent à s’en rendre compte"
                    HPOS="667"
                    VPOS="1899"
                    WIDTH="1860"
                    HEIGHT="91"
                    WC="0.98776500582695"></String>
          </TextLine>

          
          
          <TextLine ID="eSc_line_37587715"
                    TAGREFS="LT4159"
                    BASELINE="669 2076 2532 2069" 
                    HPOS="667"
                    VPOS="2004"
                    WIDTH="1865"
                    HEIGHT="96">
            <Shape><Polygon POINTS="669 2076 669 2088 989 2100 992 2100 1820 2088 1895 2100 1898 2100 2529 2083 2532 2069 2529 2016 2511 2004 2508 2004 2506 2004 2504 2004 2441 2016 2382 2004 2380 2004 2377 2004 2338 2018 1839 2018 1439 2006 1437 2006 1284 2020 734 2009 732 2009 667 2023 669 2076"/></Shape>
	    <String CONTENT="et le nombre s’accroît de ceux qui, ne supportant"
                    HPOS="667"
                    VPOS="2004"
                    WIDTH="1865"
                    HEIGHT="96"
                    WC="0.9969688904285431"></String>
          </TextLine>

          
          
          <TextLine ID="eSc_line_e95e36d8"
                    TAGREFS="LT4159"
                    BASELINE="671 2182 2529 2170" 
                    HPOS="669"
                    VPOS="2100"
                    WIDTH="1860"
                    HEIGHT="112">
            <Shape><Polygon POINTS="671 2182 671 2212 835 2193 1137 2193 1245 2205 1284 2207 1287 2207 1289 2207 1291 2207 1296 2203 1310 2191 1411 2191 1539 2200 1633 2205 1635 2205 1675 2198 1706 2191 1839 2193 2115 2203 2118 2203 2279 2186 2300 2186 2321 2186 2506 2198 2508 2198 2511 2198 2513 2198 2529 2184 2529 2170 2525 2119 2319 2100 2317 2100 2314 2100 2312 2100 2288 2119 2237 2119 2164 2100 2162 2100 2160 2100 2157 2100 2132 2121 2005 2121 1937 2102 1935 2102 1933 2102 1930 2102 1884 2119 1855 2105 1853 2105 1851 2105 1788 2116 1727 2105 1724 2105 1722 2105 1673 2123 1490 2123 1425 2105 1422 2105 1420 2105 1418 2105 1359 2123 971 2109 968 2109 966 2109 929 2126 894 2109 891 2109 889 2109 805 2121 723 2109 720 2109 718 2109 669 2128 671 2182"/></Shape>
	    <String CONTENT="plus le dressage, ne la regardent plus guère. Luna"
                    HPOS="669"
                    VPOS="2100"
                    WIDTH="1860"
                    HEIGHT="112"
                    WC="0.9977015946425644"></String>
          </TextLine>

          
          
          <TextLine ID="eSc_line_925b92b5"
                    TAGREFS="LT4159"
                    BASELINE="669 2282 2522 2273" 
                    HPOS="667"
                    VPOS="2205"
                    WIDTH="1855"
                    HEIGHT="103">
            <Shape><Polygon POINTS="669 2282 669 2299 1434 2296 1444 2296 1591 2308 1593 2308 1706 2294 1720 2294 1752 2294 2022 2306 2024 2306 2520 2289 2522 2273 2515 2221 2293 2221 2288 2221 2272 2207 2270 2207 2267 2207 2265 2207 2263 2207 2211 2221 2204 2221 2197 2221 2143 2205 2141 2205 2139 2205 2136 2205 2134 2205 2115 2221 2113 2224 2031 2224 2008 2221 1942 2207 1888 2207 1886 2207 1884 2207 1881 2207 1867 2221 1860 2224 1762 2224 1757 2221 1741 2207 1738 2207 1736 2207 1734 2207 1638 2221 1591 2226 1579 2221 1558 2210 1556 2210 1554 2210 1551 2210 1521 2221 1509 2224 1495 2221 1453 2210 1451 2210 1448 2210 1446 2210 1444 2210 1429 2221 1420 2226 1334 2221 1181 2210 1179 2210 1128 2221 1088 2228 1078 2221 1069 2212 1067 2212 1064 2212 978 2212 975 2212 973 2212 971 2212 961 2221 952 2226 879 2221 777 2212 774 2212 667 2219 669 2282"/></Shape>
	    <String CONTENT="Murcia-Phœbus en fait partie. Cependant, pour"
                    HPOS="667"
                    VPOS="2205"
                    WIDTH="1855"
                    HEIGHT="103"
                    WC="0.9847111185391744"></String>
          </TextLine>

          
          
          <TextLine ID="eSc_line_81737663"
                    TAGREFS="LT4159"
                    BASELINE="669 2383 2522 2378" 
                    HPOS="667"
                    VPOS="2310"
                    WIDTH="1855"
                    HEIGHT="92">
            <Shape><Polygon POINTS="669 2383 669 2399 2518 2402 2522 2378 2515 2313 2466 2322 2429 2313 2417 2310 2415 2310 2412 2310 2396 2313 2326 2329 2188 2315 2122 2310 2120 2310 2118 2310 2115 2310 2106 2317 2085 2329 2054 2317 2040 2313 2038 2313 2036 2313 2003 2317 1947 2329 1914 2320 1891 2313 1888 2313 1886 2313 1884 2313 1862 2320 1839 2329 1582 2329 1572 2324 1561 2313 1558 2313 1556 2313 1554 2313 1551 2313 1511 2324 1500 2327 1469 2324 1334 2313 1331 2313 1329 2313 1298 2327 1289 2334 1184 2334 1177 2329 1146 2313 1144 2313 1085 2313 1083 2313 1081 2313 1048 2329 1043 2334 997 2334 985 2331 856 2313 854 2313 851 2313 849 2313 823 2334 667 2334 669 2383"/></Shape>
	    <String CONTENT="une fois, elle a allumé son poste et elle a suivi"
                    HPOS="667"
                    VPOS="2310"
                    WIDTH="1855"
                    HEIGHT="92"
                    WC="0.9921815693378448"></String>
          </TextLine>

          
          
          <TextLine ID="eSc_line_73969293"
                    TAGREFS="LT4159"
                    BASELINE="671 2486 1678 2481" 
                    HPOS="669"
                    VPOS="2413"
                    WIDTH="1009"
                    HEIGHT="89">
            <Shape><Polygon POINTS="671 2486 671 2502 1675 2500 1678 2481 1675 2430 1633 2416 1631 2416 1628 2416 1525 2427 1509 2413 1507 2413 1504 2413 1502 2413 1500 2413 1460 2427 1460 2430 1362 2430 1362 2427 1348 2416 1348 2413 1345 2413 1343 2413 1341 2413 1242 2427 1233 2427 1228 2427 1186 2413 1184 2413 1181 2413 1179 2413 1177 2413 1177 2416 1174 2416 1165 2427 1163 2430 1158 2427 1132 2416 1130 2416 1128 2416 1125 2416 1095 2425 1083 2430 669 2425 671 2486"/></Shape>
	    <String CONTENT="l’émission de bout en bout."
                    HPOS="669"
                    VPOS="2413"
                    WIDTH="1009"
                    HEIGHT="89"></String>
          </TextLine>

          
        </TextBlock>
        

        
      </PrintSpace>
    </Page>
  </Layout>
</alto>
