2977 4210
472 591 1929 98 à la Sainte Vierge... Je peux être très méchant des

606 481 1797 99 — Vous êtes belle, madame. Vous ressemblez

472 696 1924 89 sois. Mais avec vous, vous verrez, je serai très très

470 799 496 106 très gentil...

559 905 1835 103 La gouvernante n’en peut plus. Elle fond com¬

470 1010 1928 105 plètement. Mes anges à moi, les vrais, se regardent,

468 1115 1933 91 désabusés, tandis que la bonne femme va chercher

472 1223 1931 86 le café qui bouillonne et s’impatiente sur le coin

470 1321 1928 96 de la cuisinière. A l’invitation du curé, Cul blanc

468 1429 1928 91 ct Boule de neige se font des tartines. Je me fais

472 1538 1926 101 Servir par le prêtre qui me beurre le pain et l’enduit

470 1641 330 87 de miel.

559 1742 1835 96 La domestique s’affaire toujours. Je me lève et lui

470 1852 606 100 prends la main.

578 1957 1813 96 — Venez vous asseoir un peu, vous devez être

470 2062 1917 103 fatiguée. Faut pas vous en faire pour moi, je sais

470 2165 1123 99 me débrouiller, vous savez...

561 2275 1828 98 La vieille en a presque les larmes aux yeux et le

465 2380 1152 96 cureton a un regard admiratif.

578 2479 1813 107 — Tu es un bon garçon, mon petit Philippe. Je

468 2591 1165 94 sens qu’on va bien s’entendre.

557 2694 1830 100 Mes gardes-chiourme ne savent pas quelle

461 2799 1926 87 contenance afficher. Ils se contentent d’un sourire

461 2907 278 100 crispé.

578 3000 1813 106 — Tenez, Alberte, dit le curé, montrez-lui donc

470 3115 475 89 Sa chambre.

554 3220 1837 84 Sa gouvernante me sourit en m’invitant à la

463 3323 1926 101 suivre. Fromage blanc se retient de parler et regarde

463 3428 1926 99 Cloclo — ils devaient être probablement sur le

463 3531 1924 103 point de dire la même chose —et tous les deux

468 3639 1516 103 plongent le nez dans leur petit déjeuner.
