2977 4210
599 446 1802 87 J'ai accroché le cadavre du curé dans la cam¬

505 549 1898 103 buse. Je voulais le garder le plus longtemps possible

505 659 1900 96 pour le voir pourrir, observer au jour le jour la

503 760 1900 86 désintégration des chairs. Je voulais surtout épier

503 865 1893 100 Sa gueule à mesure, scruter jusqu’à ce que je com¬

500 965 1898 103 prenne. Mais le cagnard a accéléré le processus et,

503 1071 1895 98 sans doute pour prouver la céleste Eternullité,

500 1171 1898 92 l’homme de Dieu s’est faisandé à une telle vitesse

503 1279 1416 86 qu’il me faut renoncer à le conserver.

587 1382 1814 103 Cependant j’ai compris, ç’a été suffisant pour

498 1494 714 96 que je comprenne.

587 1585 1807 99 Je vais balourder à la mer ce qui en reste. Je crois

496 1691 1895 91 que j’ai cané particulièrement à cause de l’odeur.

498 1793 1889 89 Néanmoins je suis rassuré: libérée de ses fan¬

496 1896 1895 117 tasmes, de sa libido et de son péché", quelques

493 2002 1896 88 kilos de viande avariée finiront de se décomposer

496 2107 1893 89 bien au chaud dans le ventre d’un monstre marin.

580 2205 1804 94 Dieu est mort, te voilà enfin délivré de tes incohé¬

493 2317 1901 96 rences et de tes angoisses, père José! Nouveau

491 2420 1900 87 Jonas, tu as enfin trouvé la paix du néant, mon

489 2523 1900 96 mono d’amour, et moi je n’en ai rien à foutre. Je

491 2628 1893 96 bouffe comme un chancre et le reste du temps je

489 2729 1888 115 rêve et me radasse sur la Sainte-Pélagie qui conti¬

489 2834 1039 87 nue de dériver vers le nord.

575 3145 1805 103 Mais j’y songe, Luna, tu n’as pas d’image récente

486 3251 1889 98 de moi. Imagine que je porte des bottes de caout¬

484 3356 1893 86 chouc, un ciré et qu’un bonnet de laine me recouvre

489 3459 1888 86 les oreilles. Assis dans le carré obscur, un joint à la

486 3566 1891 99 main, j’ai le menton appuyé sur mes paumes. La

2242 3744 133 84 295
