2977 4210
807 458 1896 82 arrière sans desserrer son étreinte, tandis que son

807 556 1896 101 pote se confond en excuses auprès de la pécore qui

802 659 613 98 étouffe de rage.

894 757 1799 106 J’ai gagné le cocotier: je vais terminer le voyage

798 867 1895 103 entre un nègre qui en descend et un visage pâle qui

802 970 677 101 rêve d’y grimper.

891 1071 929 89 Entre deux flics pourris.

884 1174 1807 86 Je me marre en pensant à toi, Luna. Imagine le

798 1274 1895 89 tableau, ton Rémi et son Clotaire encadrant ton

798 1377 1893 105 patient préféré. Ca ne te fait pas rigoler, toi? Je

798 1480 1884 101 t'entends d’ici, ma psy d’amour: Après tout, Phi¬

798 1585 1554 99 lippe, n’était-ce pas ce que tu souhaitais?

882 1894 1802 98 Amesure qu’on approche de la mer, le ciel se

786 1999 1893 96 couvre et de gros nuages d’orage roulent au-dessus

788 2102 1896 96 de nous. Quelques éclairs zèbrent de temps en

788 2205 1891 87 temps le lointain. Le car lanterne sur les petites

784 2306 1888 98 routes et traverse des villages peu animés. Des bou¬

786 2413 1891 87 seux montent encore. Personne ne parle. Agenouillé

784 2514 1891 96 sur la banquette entre mes deux gardiens, j’ai le nez

784 2614 840 89 collé à la vitre arrière.

870 2717 1805 89 Cloclo vient d’allumer une cigarette; il la tend

781 2823 1887 86 à Rémi qui refuse en secouant doucement la tête.

861 2923 1807 91 On continue de rouler. La chaleur de l’orage qui

777 3028 1886 92 se prépare pèse sur tout le monde. Je me sens très

777 3131 1886 87 seul. C’est comme un retour de vacances, la fin d’un

774 3237 1887 95 amour d’été. On va se quitter et on sait qu’on ne se

769 3335 1889 103 reverra plus. Le soleil tout pâle a l’air d’avoir mal

769 3442 1887 99 au ventre, pourtant Fromage blanc a mis ses lunettes

769 3543 1885 91 de soleil. Il ressent sans doute la même chose que

762 3737 136 75 254
