2977 4210
887 456 1743 100 Sa voix était soudain passée dans l’aigu puis il

800 558 1175 89 se calma, tout aussi subitement.

943 654 1680 103 – Ces horreurs, c'est bon pour la poubelle, fit¬

800 760 644 86 il entre ses dents.

950 853 1172 103 — Ce serait dommage, dit Luna.

884 954 1746 100 Il la regardait d’un air interrogateur. Elle hocha

802 1061 819 87 la tête pour confirmer.

891 1147 1141 116 – J’en suis certaine, Philippe.

884 1263 686 86 Il y eut un silence.

895 1354 1439 94 — Alons... Si tu essayais autre chose.

877 1459 1744 103 Elle lui tendait en éventail une poignée de pastels.

894 1557 594 103 — Pas la peine.

887 1658 1736 98 — Essaie, insista-t-elle en souriant... Et si tu

791 1765 1825 101 le souhaites, après, on jettera ton dessin à la pou¬

786 1854 220 96 belle.

868 1964 1753 91 Silence. Le regard du gamin se baladait sur les

781 2067 1837 89 murs, allait d’un dessin à l’autre, passait d’une

781 2170 1837 103 fresque à l’autre. Luna lui attrapa le poignet et lui

784 2275 243 89 sourit.

903 2376 768 100 — À quoi penses-tu?

877 2476 1734 99 – À rien. Vous voulez me tirez les vers du nez.

867 2578 958 98 — Tu ne veux pas parler?

856 2685 1304 102 Philippe se leva et lui tourna le dos.

860 2778 1355 98 – Je n’ai rien à dire. marmonna-t-il.

863 2880 832 116 – Tu as peur de moi?

847 2996 568 103 Pas de réponse.

860 3094 933 112 — Tu as peur des autres?

861 3206 1746 112 — Je veux pas qu’on me soigne, fit le garçon,

753 3314 611 91 les dents serrées.

854 3414 1757 113 — Il ne s’agit pas de te soigner. Il s’agit de

744 3524 613 94 bien autre chose.

739 3716 91 84 70
