2977 4210
678 477 1915 103 par la queue. Il a vu le pont désert et moi qui le

678 582 817 96 regardais impassible.

769 687 1817 94 Il a été un moment sans bouger puis il a compris,

676 788 1793 93 ou il a cru comprendre, et il est resté sans voix.

795 893 927 101 — Ne bouge pas, je dis.

767 991 1826 103 C’est ça qui l’a décidé: il s’élance son surin à

681 1103 323 87 la main.

821 1199 976 103 — Petit salaud ! il gueule.

767 1302 403 106 Je répète:

865 1412 485 101 Bouge pas.

767 1513 1491 98 Mais il continue de foncer en beuglant.

781 1609 489 105 — Enfoiré !

800 1716 700 103 – Pédé ! je hurle.

767 1819 1812 105 Ça l’a séché sur place, le ratichon. Jen rigole

674 1938 301 78 encore.

774 2032 1805 98 – Tout le monde est au courant, José. Tout le

671 2140 1898 93 monde est au courant de ce que tu fais avec Kevin...

676 2240 1893 103 Ça te la coupe, hein, cureton? Mais, y a pas à tor¬

676 2348 1896 96 tiller, c’est ça!... Dès qu’on est revenus en France,

676 2453 1540 84 il crie au viol et balance tout à ses vieux.

760 2551 1662 91 Il se tient tout bête, son cure-dent à la main.

786 2659 1783 100 — Ils se gratteront pas, ils porteront plainte, tu

667 2755 1898 96 Sais. Ils gueuleront : “Ah! Ils sont bons nos édu¬

664 2862 1908 92 cateurs! Tous des enfoirés, ces curés!’" Essaie un

669 2968 1903 105 peu de gamberger. C’est fini tout ça–autrefois tu

667 3075 1905 96 aurais eu droit à la guillotine! — mais tu peux tout

662 3176 1133 100 de même imaginer le procès!

753 3276 1816 103 Le père José ne répond pas mais il a une lueur

659 3386 1000 94 dangereuse dans les yeux.

786 3487 1779 100 – Remarque, je dis, c’est tes oignons. Moi, je

657 3590 1910 103 m’en tamponne le coquillard... Le Kevin, ce n’est

655 3770 145 91 292
