2977 4210
514 460 1786 84 La grosse Yolaine se prêtait volontiers aux attou¬

423 558 1884 99 chements, elle aimait qu’on la tripote, et il y avait

423 654 1870 101 des tas de benêts pour peloter l’arriérée, tâter ses

421 757 1874 89 rotondités, chatouiller son sexe et davantage, la

421 856 1872 105 preuve... Philippe savait qu’il en était ainsi; tout

418 961 1870 96 comme Luna; tout comme elle aussi savait qu’il

421 1064 260 84 savait.

519 1157 1769 108 — Que s’est-il passé avec elle? demanda-t-elle

418 1270 501 100 stupidement.

596 1370 974 101 – Ça ne vous regarde pas!

503 1468 1783 101 Dans la voix du garçon Luna sentit un désir de

411 1576 1100 89 meurtre. Pourtant elle insista.

512 1674 1769 103 – Tu le sais bien, ça n’est pas arrivé tout seul:

409 1777 1123 103 quelqu’un a abusé de Yolaine.

491 1875 1788 99 Elle faisait allusion au bébé dont la malheureuse

407 1985 1870 98 avait accouché. Elle n’avait pas compris grand-

404 2083 1877 101 chose aux explications embrouillées de Zéphyrin et

407 2191 1867 103 elle voulait apprendre du garçon ce qui s’était passé.

542 2289 1009 103 — Tu le sais bien, Philippe.

489 2392 1790 91 Il se redressa d’un bond et la toisa. Elle aurait

397 2500 1877 100 presque pu toucher son mépris et son dégoût. Ce

395 2600 1879 101 dégoût subit qu’il éprouvait pour elle: comment

395 2706 1865 103 pouvait-elle le soupçonner de quoi que ce soit?

388 2804 1886 93 Elle qui prétendait si bien le connaître, elle aurait

386 2909 1884 105 du comprendre qu’il ne pouvait qu’être hors du

388 3026 229 96 coup.

547 3117 932 103 — J’ai peur de personne!

463 3218 1795 107 Soudain, Philippe s’était mis à hurler. On enten¬

376 3330 1882 101 dit en même temps le téléphone sonner de l’autre

374 3431 1886 103 côté de la cloison. Une blonde en blouse blanche

372 3541 1299 112 passa son visage mafflu à la porte.

2178 3730 82 87 75
