2977 4210
774 446 1840 101 planté à côté de moi, narquois, les poings sur les

772 542 1839 108 hanches. Rémi... (Clotaire soupira) j’ai eu l’im¬

777 654 1504 106 pression que c’était lui le plus consterné.

861 757 1755 96 Luna revenait avec la cafetière et les tasses sur

777 860 1841 108 un plateau métallique où figurait, au milieu d’une

777 970 1816 98 ribambelle de nuages, une réplique du sourire énig¬

781 1080 1021 89 matique du chat de Chester.

879 1178 1496 101 — Combien de sucres? demanda Luna.

966 1284 1461 91 —Trois, dit-il distraitement. Non, quatre.

868 1391 1748 91 La psy le servit sans faire de commentaire et,

786 1492 1835 91 quand elle lui passa sa tasse, il eut l’impression de

791 1597 1832 87 voir reproduit sur ses lèvres le troublant rictus du

788 1695 1835 94 chat d’Alice. Il se mit à remuer sa cuiller, il n’en

791 1800 851 92 finissait pas de touiller.

887 1903 1734 106 — Et alors? fit la psy après avoir respecté un

798 2009 699 91 instant son silence.

879 2105 1461 105 Le garçon sembla s’éveiller d’un songe.

926 2207 1690 99 – Alors Rémi s’est mis à courir. J’ai crié plus

795 2310 1821 92 fort. Puis le chef m’a flanqué une bourrade dans

798 2411 1820 105 le dos et... et, bien obligé, je lui ai donné la

800 2521 351 84 chasse...

887 2617 1729 100 Luna le fixait en dégustant son café à petites

802 2715 1807 105 goulées. Elle faisait mine d’attendre son bon vou¬

798 2820 1818 96 loir mais il ne se leurrait pas, c’était un chat aux

798 2921 1813 98 aguets et Clotaire avait le sentiment d’être sa proie

800 3026 405 96 prochaine.

915 3122 1692 103 — Il a couru à travers le parking en faisant des

800 3222 1814 110 feintes pour nous échapper. J’avais l’impression

800 3323 1811 110 qu’il s’amusait beaucoup. Finalement, j’ai réussi à

802 3419 1772 117 le coincer. “De quoi tu te mêles ? T’es flic ou quoi ?“

800 3520 1804 119 il me demande. “Je fais mon boulot“, je réponds.

798 3711 98 78 88
