2977 4210
676 470 1900 100 début je n’arrêtais pas de me cogner dans la bôme

678 573 1540 105 ou le capot. Et puis j’ai pris l’habitude...

767 682 1812 85 Maintenant tous ces noms ne sont plus pour moi

676 785 1903 99 du chinois: je sais que le pataras soutient le mât

678 886 1894 89 arrière; à l’avant, c’est l’étai et le bas étai; sur les

678 991 1894 89 cõtés, les bas haubans, haubans et galhaubans; j’ai

678 1096 1894 99 appris que les écoutes servent à régler les voiles,

678 1199 1896 96 les drisses à les hisser et à présent, quand le père

676 1302 1898 98 José me dit “Mets-toi plus bout au vent", je sais ce

676 1408 1893 100 que ça veut dire et je comprends ce qu’il faut faire.

758 1716 1811 89 On a trouvé un vieux cargo échoué parmi les

667 1829 308 79 coraux.

758 1920 1814 103 Il est envahi par l’eau, plein de trous et bouffé par

667 2027 1898 101 la rouille mais, malgré les cyclones, il est toujours

667 2128 1905 103 là. C’est sous ce rafiot que j’ai grandi d’un seul

664 2233 1901 91 coup, pas en taille mais à l’intérieur, vers le rêve.

755 2341 1812 96 Personne ne pourra rendre compte de cette

662 2439 470 103 poussée-là!

751 2542 1811 107 Ça commence, c’est commencé quand j’ai plongé

662 2647 1903 105 là. Ce n’était pas la première fois que je plongeais

657 2752 1912 103 mais c’était la première où je dégringolais vraiment

664 2858 1072 98 sous le plancher des vaches.

746 2958 1816 89 Mourant de trouille, je suis descendu entre

659 3059 1903 105 l’hélice et le gouvernail masqués d’algues et de

655 3166 1907 99 coquillages. J’étais ailleurs, sous la croûte du vieux

657 3279 1903 84 monde, dans un domaine étrange et inconnu, aussi

655 3375 1430 100 mystérieux que l’univers des Indiens.

748 3480 1810 100 Maintenant ce qui me plaît, c’est de rester le plus

657 3585 1901 105 longtemps possible sans ar, d’aller au plus profond.

648 3760 143 92 286
