2977 4210
762 423 1356 98 L'Antillais l’a remerciée d’un geste.

791 533 1507 82 “Non, merci. Je ne veux pas m’incruster.

791 631 1741 98 — Attends, je te raccompagne“, a fait Rémi.

762 732 1775 95 Il a regardé Luna se diriger vers sa chambre,

674 832 1863 105 puis il a ouvert la porte palière en s’effaçant pour

678 937 836 94 laisser passer Clotaire.

760 1038 1737 94 Celui-ci, la main sur la rampe, s’est retourné

784 1136 917 91 “Elle me plaît cette nana.

765 1241 1772 99 – Dommage pour toi, commenta Rémi avec

674 1340 1863 93 cynisme.“ Il lui a tendu les clés et les papiers de la

681 1445 1507 98 voiture. “Remarque, si le cœur t’en dit...

777 1550 1757 96 — Je me demande ce qu’un mec comme toi

676 1651 428 86 fait avec...“

755 1749 1777 94 Rémi ne lui laissa pas le temps de terminer sa

671 1857 279 100 phrase.

786 1957 1741 89 “Avec une fille comme ça, tu veux dire?“ Et sur

664 2060 1865 96 le ton de la confidence: “Elle baise comme une

662 2165 1863 99 déesse.“ Puis il a refermé doucement la porte sur

664 2268 335 94 Clotaire.

744 2373 1781 101 Luna était demeurée aux aguets à l’entrée de la

659 2483 1861 92 chambre. Comme Rémi l’escomptait, elle avait épié

655 2596 1863 96 leurs paroles et n’en avait pas perdu une miette.

734 2694 1786 105 Quand Rémi l’a rejointe, elle a fait semblant de

641 2801 1877 101 dormir. Ça faisait partie de leur rituel. Il a bâillé et

638 2907 1868 112 s’est gratté en se déshabillant. Il se déplaçait de long

634 3026 1874 101 en large dans la pièce, jetait ses vêtements dans

629 3134 1886 91 toutes les directions. Dans quelques instants il allait

627 3241 1881 105 se jeter sur elle, la réveillerait pour la besogner avec

617 3349 1894 93 brutalité. Il ne s’était jamais demandé si elle aimait

617 3463 1887 99 ça. Sans doute, puisqu’elle en redemandait. Elle

613 3571 1886 117 baise comme une déesse, a-t-il dit. Une façon de se

603 3760 138 101 106
