2977 4210
542 458 1782 103 Le gars prend ça en plein dans sa poire au cho¬

458 563 1863 103 colat. Les nègres, j’adore; je serais plutôt carré¬

461 673 1863 87 ment raciste avec les blancs-becs de base à cause

458 774 1859 105 de cet air de supériorité qu’ils ont quand ils zyeu¬

458 879 1856 91 tent les mal blanchis, comme ils disent. L’arro¬

465 989 1854 100 gance de ces blaireaux! De toute façon, moi, je

461 1101 1856 94 dis toujours ce qui me vient, surtout si c’est n’im¬

458 1199 1861 108 porte quoi. Simplement, pour mater le bordel que

463 1305 641 95 ça va déclencher.

538 1410 1774 110 Ce que j’apprécie vachement c’est que Clotaire

458 1520 1856 89 n’en fait pas un fromage. Il me mate l’air de dire, tu

465 1627 1849 96 Vas voir, petit con, je vais te montrer Puis il se baisse

458 1728 1854 103 pour soulever mes valises. Ce que j’ai prévu arrive, il

458 1831 1840 105 parvient à peine à les décoller, il va devoir s’y

456 1938 1853 101 reprendre à nouveau. Alors, je m’approche, très cool

456 2039 1849 91 et, haussant les épaules, je les soulève, mes valoches.

458 2142 1847 98 Je leur en mets plein la vue. Fastoche, les mecs,

456 2245 1851 100 rien de plus fastoche! Mais pour ça aussi, je me

463 2352 1842 87 suis entraîné, car elles pèsent deux tonnes chacune.

545 2451 1762 105 – Je plaisantais, je dis. Y a personne qui peut

458 2551 1842 108 porter ces trucs-là! Je me fends carrément la gueule.

470 2659 463 98 Y a que moi.

535 2757 1765 101 Je tourne le dos à ma psy pour éviter de lui dire

456 2860 1842 101 au revoir. Dans la glace du vestibule, je vois Clo¬

454 2963 1851 98 taire qui me suit en riboulant des yeux. Il en est

451 3063 1844 94 comme deux ronds de flan. Et tandis que, suivi

451 3164 1847 105 par Rémi, je me dirige vers la porte d’entrée, Luna

449 3269 1839 101 retient ce balourd de négro par le bras en lui ten¬

451 3377 1002 98 dant une grosse enveloppe.

587 3468 1699 108 — 1enez, voilà les papiers du gosse, l’adresse

451 3573 1830 103 de l’abbé en Bretagne, et l’argent pour vos

2162 3744 126 91 123
