2977 4210
1099 778 696 101 VENDÉMIAIRE

414 1127 2045 96 Philippe Topineau était assis seul dans le carré obscur.

414 1241 2048 103 Il portait des bottes de caoutchouc, un ciré jaune

414 1356 2038 91 et, par-dessus le bonnet en laine qui recouvrait ses

411 1466 2048 91 oreilles, un suroît de même couleur. Son menton

414 1581 2041 100 reposait dans ses paumes. Entre le pouce et l’index,

414 1691 2038 91 il serrait un cornet confectionné avec des feuilles

414 1803 2038 103 de papier à cigarettes collées. Sa bouche serrée

414 1910 1341 96 exhalait un mince filet de fumée.

510 2023 1938 105 Accrochée au plafond, une Luciole se balan¬

414 2140 2031 95 çait au-dessus de sa tête et projetait sur les cloi¬

416 2250 2039 93 sons des ombres dansantes. La flamme vacillante

414 2359 2041 103 du pétrole animait le modelé du large front de

414 2469 2031 96 l’adolescent, ravinait ses traits émaciés, renfor¬

414 2589 2045 93 çant les méplats de son beau visage en creusant

414 2696 2041 91 ses orbites en cavemes ténébreuses. Philippe n’avait

416 2806 2032 108 jamais eu le teint aussi pâle: au-dessous de ses

414 2916 2041 105 paupières mi-closes dont les oscillations de la

411 3026 2032 103 lampe dévoilaient de loin en loin l’éclat vert, ses

414 3141 2034 103 yeux cernés fixaient le minimagnétophone calé

407 3253 2034 103 entre ses coudes et le casier de contreplaqué rem¬

411 3363 2034 107 pli de cassettes audio qui brinquebalaient avec le

409 3475 2036 105 roulis. La bande tournait; le garçon tirait sur son
