2977 4210
510 428 1917 95 que ça ne fait rien. Il demande de nouveau si elle

510 530 833 99 se fiche de sa gueule.

624 640 1795 96 — Je vous assure que non. Je suis bien trop cou¬

510 741 1912 103 pable moi-même de vous avoir flanqué dans cette

510 846 1909 103 galère. J’ai une bouteille de champagne au frais.

510 951 620 103 On fait la paix?

645 1059 1777 101 — Vous comptez quand même pas m’acheter

507 1169 658 91 avec une coupe!

655 1267 1636 89 — S’il le faut, 1’ouvrirais une autre bouteille.

645 1370 576 98 — Bonne idée.

589 1473 1835 94 Elle va au frigo, sort la bouteille qu’elle tend à

500 1583 1924 86 Clotaire en lui demandant de l’ouvrir et en met

503 1688 1142 96 une deuxième dans le freezer.

592 1997 1820 110 Ils ont vidé la première bouteille et Clotaire se

503 2107 1324 86 bat avec le bouchon de la seconde.

589 2200 262 108 Il dit:

662 2317 1158 103 — On en a pris plein la gueule.

589 2427 714 84 Luna en convient.

655 2523 1757 108 — Et j’imagine que ce n’est pas fini, dit Clotaire.

664 2633 763 96 — C'est encore vrai.

587 2734 1832 93 Elle sourit. Clichi, se dit-il singerie. Si elle savait

496 2846 1914 82 cOmme ses contorsions du visage ont le don de

498 2970 391 79 Itlagacer.

589 3049 553 92 Il ronchonne:

669 3152 1739 106 — Je n’aime pas votre sourire de petite fille.

585 3262 1364 94 La risette de Luna devient grimace.

622 3365 1781 101 – Pardonnez-moi. Elle sourit de nouveau,

503 3475 1334 98 S’excuse: Je suis un peu pompette.

610 3571 653 101 – Et moi donc!

2277 3763 131 86 249
