2977 4210
882 392 1898 99 on est tellement ensuqués et le Fromage n’est plus

889 498 1896 96 assez frais pour vendre la mèche. Quant à moi, j’ai

882 601 1903 93 ma petite satisfaction. Ça y est, c’est fait, j’ai réussi,

887 704 1900 112 je suis un vrai délinquant, ma chère Luna, un vrai

884 811 1898 101 de vrai. Quand je te dis que je vous nquerai tous!

973 1120 1819 91 Plus loin, sur la route, une petite silhouette kaki se

884 1225 1905 101 tenait le pouce dressé. Un soldat qui faisait du stop.

985 1328 1807 101 – Un troufion ! je crie. On le prend!... Allez,

887 1433 1909 103 sois sympa, Cloclo, faut le prendre. P't-être qu’il

889 1538 1907 99 va aussi chez le curé. (On a dépassé le bidasse; je

889 1646 1907 89 tourne la tête pour le suivre des yeux.) Ouais! Il a

889 1747 1903 93 l’air assez taré pour ça... Allez, Cloclo, sois chic!

973 1857 1826 88 Il pile soudain. A trois cents mètres derrière, le

884 1964 1917 87 militaire se met à courir avec son barda, une valise

887 2067 1685 98 en alu et un sac marin qu’il porte à l’épaule.

987 2165 1814 103 – Je monte avec lui! Je monte avec lui! Je

887 2278 1371 84 monte avec lui! Je monte avec lui!

978 2378 1823 101 Boule de neige et Fromage blanc se regardent.

1071 2483 1732 103 —Qu’est-ce qui lui prend? Je ne l’ai jamais

891 2582 494 93 Vu si fébrile.

987 2689 1821 98 – Je monte avec lui! Je monte avec lui! Je

889 2804 550 82 monte avec...

992 2895 1814 105 – D’accord, dit le Black, mais pas de conneries,

887 2998 255 96 hein?

982 3110 1157 98 Je veux tout ce qu’ils veulent.

1004 3215 1809 101 — Non non, d’accord, pas de conneries! Pas de

889 3328 440 79 conneries !

982 3421 1828 106 Le Fromage reprend le volant. Boule de neige

889 3531 1924 101 fait le tour de la caisse et pose son cul sur le siège du

882 3711 145 87 234
