2977 4210
636 428 1800 98 Boule de neige hausse les épaules et je m’ins¬

538 528 1516 89 talle devant eux à une place restée libre.

629 633 1814 87 Je souris à ma voisine, une grosse dondon à

538 736 1900 89 lunettes, en robe et chapeau à sleurs. Elle a la mine

540 839 1901 96 grincheuse, la face rose, couverte d’eczéma et

535 942 1896 98 large comme une paire de fesses. Elle est dépour¬

540 1047 1896 87 Vue de tout charme; j’use du mien. Elle répond à

535 1153 1896 95 mon sourire par un: Qu’est-ce qu’il y a ? mécontent.

627 1251 503 86 Je minaude:

713 1356 684 98 - Je vous regarde.

627 1461 435 96 La grosse:

636 1560 559 98 — Pourquoi?

636 1662 1786 99 — Parce que je trouve que vous êtes très belle,

531 1765 1888 101 je dis sans mollir. Je trouve que vous êtes très belle

528 1873 1255 86 ct Vous ressemblez à ma maman.

617 1974 1800 88 La plouquesse commence à s’amadouer. Elle

526 2074 1891 89 me donne un bonbon. Délicatement, à l’insu de

526 2184 1889 101 mes anges gardiens, je pose ma main sur le genou

526 2282 1636 91 de la dame. Je demande d’une voix timide:

662 2390 1053 93 — Je peux vous embrasser?

613 2488 1795 91 La dondon tend la joue. Je lui colle un gros

526 2593 1112 89 bisou mouillé et dis très fort:

657 2694 1741 105 — C’est pas vrai, t’es pas belle!... Et tu pues!...

610 2801 1798 99 Dans une colère soudaine, le visage de la grosse

521 2911 993 92 passe du rose au cramoisi.

606 3005 1795 105 Je m’y attendais; n’empêche qu’ils ont été plus

519 3113 314 100 rapides.

601 3208 1804 89 Cul noir et Cul blanc bondissent d’un même

514 3323 1889 94 élan. Le nègre m’empoigne par les cheveux et me

514 3424 1887 84 tire violemment en arrière. En me donnant des

514 3522 1884 100 baffes, il réussit à me traîner jusqu’à la banquette

2263 3697 140 92 253
