2977 4210
599 406 1895 96 pas seulement un taré et un abruti, c’est un saux

592 505 1900 93 derche de merde. Je pourrai dire qu’il n’a pas trop

592 608 1905 103 bramé quand tu l’as tripoté. Et Sainte-Pélagie pourra

592 722 1902 94 en témoigner aussi: c’est pas un paquebot, ce rasiot.

592 816 1900 91 Si tu l’avais vraiment violé, ce connard, tout le

589 923 705 87 monde l’aurait su.

678 1019 1814 106 Il a l’air d’un zombie, le prêtre. Il doit croire que

585 1129 1905 101 c’est un goupillon qu’il a la main. Il s’est remis en

585 1232 1902 91 marche et se dirige vers un môme à problèmes qui

582 1337 1905 89 en constitue un réel pour lui. Mais moi, il me faut

582 1443 1898 100 considérer que c’est lui qui tient la saccagne et pas

582 1543 1896 94 moi. Je n’ai pas le temps de réfléchir davantage.

690 1646 1149 101 – Chacun pour soi! je hurle.

671 1754 1812 96 J’ai donné en même temps un violent coup de

582 1854 1901 89 barre à droite, on lofe à tout va. La voile ramasse le

582 1957 1896 91 Vent et part dans l’autre sens. José a eu beau prévoir

578 2060 1900 105 le coup, il se baisse trop tard. La bôme en changeant

575 2163 1896 91 brutalement de bord vient le cueillir en pleine poire.

578 2268 990 98 Dieu ait son âme de pédé.

667 2376 1809 86 Surtout ne va pas croire des choses, Astre de ma

571 2476 1900 103 nuit! Ecclésiastiques ou pas, moi, les pédoques

585 2579 1881 106 j'adore, ouais, et il m’est arrivé même d’en tâter.

664 2685 1800 102 Tu ne t’es jamais demandé pourquoi ton pote

571 2787 1891 96 Rémi était aussi nul avec les bonnes femmes? Eh

571 2895 1893 96 bien moi, je te dis, c’est parce qu’il en est comme un

568 2998 1896 98 régiment de phoques. Crois-moi, même s’il ose te

568 3103 1889 96 dire le contraire. Je suis bien placé pour être au par¬

566 3208 1891 96 fum. Oui, personne ne peut mieux le savoir que moi

568 3311 1889 87 car, ma lune, c'est moi qui l’ai déniaisé. Demande

571 3407 1874 110 plutôt à Clotaire et n’aie pas peur de le tarabuster!

655 3513 1250 105 Qu’il tâche donc de se souvenir!

2326 3702 126 84 293
