2977 4210
1020 923 756 94 MAUX D’ENFANT

840 1033 1128 89 SOUVENIRS D’EN FRANCE

1701 1333 625 107 K7 n° 3-face A

489 1541 1842 107 .. On vient de récupérer l’autoroute quand j’ouvre

479 1653 1852 98 les veux. Oh, pas complètement, je regarde d’abord

479 1765 1845 78 à travers mes cils comme une vraie gonzesse. Des

479 1859 1852 86 fois, ça me prend d’être une nana, j’ai envie d’avoir

479 1962 1845 86 un corps de femme, de sentir comment ça fait...

477 2060 1856 91 Bon, je ne les fixe pas en direct, car je me méfie du

477 2165 1854 101 négro. C’est peut-être le plus sympa des deux, il me

479 2268 1849 89 semble moins con que l’autre, mais on doit toujours

475 2366 1858 101 se méfier d’un flic. Surtout quand il n’a pas l’air d’en

475 2476 1851 101 être un. Faut pas oublier que mes anges gardiens

472 2577 1224 98 ne sont rien d’autre que des flics.

549 2682 1777 105 La parano, ça sert. A peine je mate que Boule de

470 2794 1856 94 neige se retourne comme si je lui avais piqué le cul

472 2897 1856 85 avec mon crochet. Heureusement qu’ils ne savent

472 2996 1854 103 pas que je l’ai, cet outil. Je fais semblant de dormir

468 3103 1851 98 en suçant mon pouce. Mais, par-dessus mon chif¬

470 3211 1851 89 fon, au milieu de tout un merdier, je peux voir sur

470 3314 1854 91 le plancher mon bout de ferraille briller sous le

472 3421 1847 89 siège du Blackos à trente centimètres de mon nez.

470 3524 1856 96 Oui, les mecs, le fêlé maboul brindezingue ne dort

2201 3708 108 102 149
