<?xml version="1.0" encoding="UTF-8"?>
<alto xmlns:xsi="http://www.w3.org/2001/XMLSchema-instance"
      xmlns="http://www.loc.gov/standards/alto/ns-v4#"
      xsi:schemaLocation="http://www.loc.gov/standards/alto/ns-v4# http://www.loc.gov/standards/alto/v4/alto-4-2.xsd">
  <Description>
    <MeasurementUnit>pixel</MeasurementUnit>
    <sourceImageInformation>
      <fileName>page_00122.png</fileName>
      
    </sourceImageInformation>
  </Description>
  
  <Tags>
    <OtherTag ID="BT10605" LABEL="MainZone" DESCRIPTION="block type MainZone"/><OtherTag ID="BT10606" LABEL="NumberingZone" DESCRIPTION="block type NumberingZone"/><OtherTag ID="BT10607" LABEL="RunningTitleZone" DESCRIPTION="block type RunningTitleZone"/><OtherTag ID="BT10608" LABEL="QuireMarksZone" DESCRIPTION="block type QuireMarksZone"/><OtherTag ID="BT10609" LABEL="CustomZone" DESCRIPTION="block type CustomZone"/>
    <OtherTag ID="LT4159" LABEL="DefaultLine" DESCRIPTION="line type DefaultLine"/><OtherTag ID="LT4160" LABEL="HeadingLine" DESCRIPTION="line type HeadingLine"/><OtherTag ID="LT4161" LABEL="default" DESCRIPTION="line type default"/>
  </Tags>
  
  <Layout>
    <Page WIDTH="2977"
          HEIGHT="4210"
          PHYSICAL_IMG_NR="119"
          ID="eSc_dummypage_">
      <PrintSpace HPOS="0"
                  VPOS="0"
                  WIDTH="2977"
                  HEIGHT="4210">
        
        <TextBlock HPOS="587.2754516601562"
                   VPOS="405.6334228515625"
                   WIDTH="1976.0512084960938"
                   HEIGHT="3353.5491943359375"
                   ID="block_0"
                   TAGREFS="BT10605">
          <Shape><Polygon POINTS="587.275 405.633 2563.33 405.633 2563.33 3759.18 587.275 3759.18 587.275 405.633"/></Shape>
          
          
          <TextLine ID="eSc_line_6c7a0cc6"
                    TAGREFS="LT4161"
                    BASELINE="720 521 2539 521" 
                    HPOS="720"
                    VPOS="451"
                    WIDTH="1819"
                    HEIGHT="103">
            <Shape><Polygon POINTS="2522 456 2501 456 2455 470 2450 470 2445 470 2380 456 2359 456 2335 456 2312 453 2288 453 2284 453 2265 467 2263 470 2256 467 2214 453 2195 453 2176 453 2052 465 2005 472 1703 472 1689 463 1664 451 1661 451 1659 451 1657 451 1626 463 1605 472 1523 472 1507 460 1486 451 1483 451 1425 451 1422 451 1420 451 1399 460 1378 472 1099 472 1076 458 1067 451 1064 451 1062 451 1060 451 1057 451 1039 458 999 470 954 456 936 451 933 451 931 451 929 451 910 456 875 465 720 456 720 521 720 537 1214 540 1240 554 1242 554 1245 554 1343 540 1362 554 1364 554 1366 554 1369 554 1605 540 2263 540 2410 554 2412 554 2415 554 2448 540 2539 540 2539 521 2539 465 2522 453 2522 456"/></Shape>
	    <String CONTENT="Boule de neige glisse la main sous le siège et"
                    HPOS="720"
                    VPOS="451"
                    WIDTH="1819"
                    HEIGHT="103"
                    WC="0.9946523537027075"></String>
          </TextLine>

          
          
          <TextLine ID="eSc_line_163210fa"
                    TAGREFS="LT4161"
                    BASELINE="627 633 2532 629" 
                    HPOS="624"
                    VPOS="561"
                    WIDTH="1908"
                    HEIGHT="89">
            <Shape><Polygon POINTS="627 633 627 650 2529 647 2532 629 2527 575 2015 575 1956 561 1954 561 1841 573 1748 561 1745 561 1743 561 1701 573 1579 561 1577 561 1575 561 1572 561 1556 575 1511 563 1509 563 1507 563 1146 575 1123 563 1121 563 1118 563 1116 563 1069 575 985 563 982 563 624 577 627 633"/></Shape>
	    <String CONTENT="Secoue négativement la tête. Il se tourne vers moi."
                    HPOS="624"
                    VPOS="561"
                    WIDTH="1908"
                    HEIGHT="89"
                    WC="0.9864254875003167"></String>
          </TextLine>

          
          
          <TextLine ID="eSc_line_3f541dad"
                    TAGREFS="LT4161"
                    BASELINE="760 734 2532 736" 
                    HPOS="758"
                    VPOS="666"
                    WIDTH="1774"
                    HEIGHT="103">
            <Shape><Polygon POINTS="2527 685 2478 666 2476 666 2473 666 2471 666 2410 680 2256 673 2253 673 2251 673 2249 673 2235 685 2167 673 2164 673 2087 682 2052 666 2050 666 2047 666 2045 666 1994 682 1919 666 1916 666 1914 666 1869 685 1869 687 1745 687 1743 685 1727 673 1724 673 1722 673 1720 673 1717 673 1701 682 1682 666 1680 666 1678 666 1675 666 1673 666 1610 685 1607 687 1013 687 1011 685 971 666 968 666 966 666 760 682 760 734 758 748 872 750 891 767 894 767 896 767 898 767 961 753 978 767 980 767 982 767 1055 769 1057 769 1209 753 1490 769 1493 769 1736 753 1738 753 1741 753 1860 769 1862 769 2529 753 2532 736 2532 699 2527 685"/></Shape>
	    <String CONTENT="— T’as pas vu une poche en plastique avec des"
                    HPOS="758"
                    VPOS="666"
                    WIDTH="1774"
                    HEIGHT="103"
                    WC="0.9903535750177171"></String>
          </TextLine>

          
          
          <TextLine ID="eSc_line_7283b694"
                    TAGREFS="LT4161"
                    BASELINE="624 853 1277 844" 
                    HPOS="622"
                    VPOS="769"
                    WIDTH="655"
                    HEIGHT="117">
            <Shape><Polygon POINTS="624 853 624 886 667 886 667 884 669 884 671 884 671 881 688 867 739 879 760 884 762 884 765 884 781 877 807 867 968 870 1195 872 1198 872 1200 872 1233 860 1249 872 1252 872 1254 872 1256 872 1259 872 1261 872 1277 858 1277 844 1268 769 1214 785 1085 776 1050 774 1048 774 1046 774 1043 774 1039 778 1020 788 985 778 957 774 954 774 952 774 950 774 950 776 947 776 945 781 936 792 622 792 624 853"/></Shape>
	    <String CONTENT="papiers dedans?"
                    HPOS="622"
                    VPOS="769"
                    WIDTH="655"
                    HEIGHT="117"
                    WC="0.9926885922749837"></String>
          </TextLine>

          
          
          <TextLine ID="eSc_line_27592eac"
                    TAGREFS="LT4161"
                    BASELINE="732 951 1776 951" 
                    HPOS="732"
                    VPOS="886"
                    WIDTH="1044"
                    HEIGHT="96">
            <Shape><Polygon POINTS="732 951 732 968 858 968 870 977 870 979 872 979 875 979 877 979 1130 968 1177 982 1179 982 1181 982 1303 968 1755 979 1757 979 1759 979 1762 979 1776 968 1776 951 1776 905 1731 893 1729 893 1352 891 1350 891 1348 891 1303 905 1282 891 1280 891 1277 891 1275 891 1273 891 1226 905 1090 893 1088 893 1085 893 1064 905 1053 893 1050 893 1048 893 1046 893 971 900 870 886 868 886 865 886 863 886 863 888 844 907 732 907 732 951"/></Shape>
	    <String CONTENT="— Rien vu, je marmonne."
                    HPOS="732"
                    VPOS="886"
                    WIDTH="1044"
                    HEIGHT="96"
                    WC="0.9880360209423563"></String>
          </TextLine>

          
          
          <TextLine ID="eSc_line_f2424548"
                    TAGREFS="LT4161"
                    BASELINE="730 1057 2534 1064" 
                    HPOS="727"
                    VPOS="987"
                    WIDTH="1807"
                    HEIGHT="107">
            <Shape><Polygon POINTS="730 1057 727 1071 856 1073 875 1089 877 1089 879 1089 882 1092 1238 1092 1238 1089 1240 1089 1268 1075 1399 1089 1401 1089 1476 1078 1528 1089 1530 1089 1532 1089 2157 1080 2270 1094 2272 1094 2354 1080 2401 1094 2403 1094 2405 1094 2408 1094 2410 1094 2429 1080 2532 1080 2534 1064 2532 1005 2450 991 2448 991 2445 991 2443 991 2427 1005 2417 1012 2396 1005 2373 996 2370 996 2368 996 2242 1005 2129 1012 2087 1005 2015 991 2012 991 2010 991 2008 991 1989 1005 1979 1012 1928 1005 1823 989 1820 989 1715 1005 1682 1010 1675 1005 1668 998 1666 998 1664 998 1661 998 1488 1005 1469 1005 1467 1005 1406 989 1404 989 1401 989 1399 989 1362 1005 1350 1010 1338 1005 1289 989 1287 989 1284 989 1282 989 1280 989 1259 1005 1254 1010 1170 1010 1158 1005 1067 987 877 987 875 987 872 987 870 987 847 1005 842 1008 730 1008 730 1057"/></Shape>
	    <String CONTENT="— Philippe, tu devrais arrêter ton cirque, dit"
                    HPOS="727"
                    VPOS="987"
                    WIDTH="1807"
                    HEIGHT="107"
                    WC="0.9919124410507527"></String>
          </TextLine>

          
          
          <TextLine ID="eSc_line_a28957dc"
                    TAGREFS="LT4161"
                    BASELINE="620 1174 980 1174" 
                    HPOS="620"
                    VPOS="1096"
                    WIDTH="360"
                    HEIGHT="94">
            <Shape><Polygon POINTS="620 1174 620 1190 980 1190 980 1174 980 1122 840 1120 791 1101 788 1101 786 1101 784 1101 781 1101 762 1115 723 1096 720 1096 645 1096 643 1096 641 1096 638 1096 638 1099 620 1117 620 1174"/></Shape>
	    <String CONTENT="Clotaire."
                    HPOS="620"
                    VPOS="1096"
                    WIDTH="360"
                    HEIGHT="94"
                    WC="0.9964883592393663"></String>
          </TextLine>

          
          
          <TextLine ID="eSc_line_6de93671"
                    TAGREFS="LT4161"
                    BASELINE="709 1279 2525 1274" 
                    HPOS="706"
                    VPOS="1204"
                    WIDTH="1819"
                    HEIGHT="105">
            <Shape><Polygon POINTS="709 1279 709 1295 931 1309 933 1309 1013 1298 1043 1295 1334 1300 1579 1305 1582 1305 1617 1302 1724 1293 1792 1302 1818 1307 1820 1309 2157 1309 2157 1307 2160 1307 2162 1307 2162 1305 2178 1293 2384 1293 2520 1307 2525 1274 2520 1223 2405 1204 2403 1204 2401 1204 2398 1204 2375 1220 2375 1223 2127 1223 2125 1220 2094 1204 2092 1204 2089 1204 1937 1220 1923 1223 1816 1223 1813 1220 1797 1206 1795 1206 1792 1206 1790 1206 1654 1220 1612 1223 1589 1220 1516 1206 1514 1206 1511 1206 1469 1218 1453 1225 1048 1225 1036 1218 1011 1206 1008 1206 1006 1206 929 1218 887 1225 819 1225 809 1218 798 1206 795 1206 793 1206 791 1206 706 1216 709 1279"/></Shape>
	    <String CONTENT="Il a pris une voix douce et gentille, mais trop"
                    HPOS="706"
                    VPOS="1204"
                    WIDTH="1819"
                    HEIGHT="105"
                    WC="0.9863642542920215"></String>
          </TextLine>

          
          
          <TextLine ID="eSc_line_d70d1723"
                    TAGREFS="LT4161"
                    BASELINE="615 1389 2527 1382" 
                    HPOS="613"
                    VPOS="1309"
                    WIDTH="1914"
                    HEIGHT="124">
            <Shape><Polygon POINTS="615 1389 615 1433 725 1431 727 1431 772 1412 982 1412 985 1412 987 1412 989 1412 1004 1400 1034 1415 1036 1415 1039 1417 1151 1417 1151 1415 1153 1415 1156 1415 1177 1400 1219 1412 1221 1412 1224 1412 1226 1412 1254 1398 1280 1412 1282 1412 1284 1412 1362 1398 1572 1412 1575 1412 1577 1412 1579 1412 1596 1398 1617 1415 1619 1415 1621 1415 1624 1417 1701 1417 1741 1417 1741 1415 1743 1415 1745 1415 1767 1400 1785 1415 1804 1429 1806 1429 1809 1429 1811 1431 1846 1431 1846 1429 1848 1429 1851 1429 1877 1412 1898 1398 1916 1412 1919 1412 1921 1412 1923 1415 1968 1415 1968 1412 1970 1412 1972 1412 1991 1398 2008 1410 2010 1412 2012 1412 2015 1412 2017 1412 2038 1410 2106 1400 2183 1408 2239 1412 2242 1412 2244 1412 2246 1412 2253 1405 2267 1398 2293 1405 2363 1426 2366 1426 2368 1426 2525 1400 2527 1382 2525 1328 2466 1309 2464 1309 2462 1309 2459 1309 2457 1309 2431 1328 2429 1328 2417 1328 2291 1316 2288 1316 2286 1316 2258 1328 2242 1316 2239 1316 2237 1316 2235 1316 2232 1316 2195 1328 2192 1328 2139 1309 2136 1309 2134 1309 2132 1309 2129 1309 2104 1328 2104 1330 2001 1330 2001 1328 1972 1309 1970 1309 1968 1309 1895 1309 1893 1309 1891 1309 1888 1309 1855 1330 1848 1330 1799 1330 1785 1330 1633 1312 1631 1312 1628 1312 1626 1312 1603 1330 1600 1333 1357 1333 1357 1330 1329 1312 1327 1312 1324 1312 1275 1312 1273 1312 1200 1314 1198 1314 1195 1314 1172 1333 1170 1333 1163 1333 1043 1314 1041 1314 1039 1314 1036 1314 1013 1333 978 1316 975 1316 973 1316 971 1316 910 1333 613 1333 615 1389"/></Shape>
	    <String CONTENT="comment dire? Je veux dire qu’il en fait trop, le"
                    HPOS="613"
                    VPOS="1309"
                    WIDTH="1914"
                    HEIGHT="124"
                    WC="0.9860389001515447"></String>
          </TextLine>

          
          
          <TextLine ID="eSc_line_e6bbdc43"
                    TAGREFS="LT4161"
                    BASELINE="620 1499 1116 1494" 
                    HPOS="617"
                    VPOS="1426"
                    WIDTH="499"
                    HEIGHT="103">
            <Shape><Polygon POINTS="620 1499 620 1529 774 1513 898 1515 1092 1522 1095 1522 1097 1522 1099 1522 1116 1508 1116 1494 1111 1445 954 1431 952 1431 950 1431 947 1431 947 1433 938 1440 891 1426 889 1426 887 1426 884 1426 840 1445 704 1431 702 1431 631 1433 629 1433 627 1433 627 1436 617 1443 620 1499"/></Shape>
	    <String CONTENT="pauv’nègue."
                    HPOS="617"
                    VPOS="1426"
                    WIDTH="499"
                    HEIGHT="103"
                    WC="0.9949433207511902"></String>
          </TextLine>

          
          
          <TextLine ID="eSc_line_cba20c65"
                    TAGREFS="LT4161"
                    BASELINE="777 1599 2527 1599" 
                    HPOS="777"
                    VPOS="1529"
                    WIDTH="1750"
                    HEIGHT="101">
            <Shape><Polygon POINTS="777 1599 777 1613 1327 1630 1329 1630 1451 1618 1523 1627 1525 1627 1528 1627 1530 1627 1544 1616 1727 1630 1729 1630 1731 1630 1776 1616 1795 1630 1797 1630 1799 1630 1802 1630 1867 1616 1905 1630 1907 1630 1909 1630 1912 1630 1935 1618 1949 1630 1951 1630 1954 1630 1956 1630 2251 1627 2253 1627 2256 1627 2272 1616 2506 1627 2508 1627 2511 1627 2513 1627 2527 1616 2527 1599 2527 1550 2307 1529 2305 1529 2302 1529 2300 1529 2277 1550 2197 1550 2066 1529 2064 1529 2061 1529 2029 1546 1884 1548 1860 1529 1858 1529 1855 1529 1797 1529 1795 1529 1792 1529 1790 1529 1767 1550 1680 1550 1610 1529 1607 1529 1605 1529 1603 1529 1600 1529 1568 1550 1317 1550 1277 1529 1275 1529 1214 1529 1212 1529 1209 1529 1170 1548 1034 1531 1032 1531 1029 1531 985 1548 945 1529 943 1529 872 1529 870 1529 868 1529 865 1529 840 1550 777 1550 777 1599"/></Shape>
	    <String CONTENT="— Tu te salis pour rien, il continue. On va"
                    HPOS="777"
                    VPOS="1529"
                    WIDTH="1750"
                    HEIGHT="101"
                    WC="0.9953564959903096"></String>
          </TextLine>

          
          
          <TextLine ID="eSc_line_08590b5a"
                    TAGREFS="LT4161"
                    BASELINE="620 1712 2522 1705" 
                    HPOS="617"
                    VPOS="1634"
                    WIDTH="1905"
                    HEIGHT="94">
            <Shape><Polygon POINTS="620 1712 620 1726 2518 1728 2522 1705 2518 1655 2249 1655 2211 1634 2209 1634 2155 1634 2153 1634 2150 1634 2148 1634 2120 1655 2017 1655 1898 1634 1895 1634 1893 1634 1841 1655 1701 1637 1699 1637 1593 1655 1528 1637 1525 1637 1523 1637 1521 1637 1479 1655 1392 1637 1390 1637 1231 1655 1207 1639 1205 1639 1202 1639 1200 1639 1132 1653 1081 1639 1078 1639 1076 1639 1074 1639 1071 1639 1053 1653 1034 1639 1032 1639 1029 1639 1027 1639 1025 1639 968 1658 807 1639 805 1639 695 1658 643 1646 641 1646 638 1646 636 1646 634 1646 617 1655 620 1712"/></Shape>
	    <String CONTENT="S’arrêter et tout mettre dans le coffre... Comme ça"
                    HPOS="617"
                    VPOS="1634"
                    WIDTH="1905"
                    HEIGHT="94"
                    WC="0.9751738264875592"></String>
          </TextLine>

          
          
          <TextLine ID="eSc_line_86eaeb99"
                    TAGREFS="LT4161"
                    BASELINE="617 1810 2373 1814" 
                    HPOS="615"
                    VPOS="1744"
                    WIDTH="1758"
                    HEIGHT="106">
            <Shape><Polygon POINTS="617 1810 615 1829 706 1847 709 1847 819 1836 994 1845 997 1845 999 1845 1001 1845 1020 1833 1336 1847 1338 1847 1434 1833 1525 1845 1528 1845 1603 1836 1631 1850 1633 1850 1635 1850 2256 1836 2333 1850 2335 1850 2338 1850 2370 1833 2373 1814 2370 1763 2054 1763 2052 1761 2036 1747 2033 1747 2031 1747 2029 1747 1930 1761 1923 1763 1818 1763 1816 1761 1788 1747 1785 1747 1783 1747 1619 1761 1600 1763 1514 1763 1511 1761 1497 1747 1495 1747 1493 1747 1490 1747 1488 1747 1486 1747 1465 1761 1331 1761 1233 1761 1233 1758 1198 1744 1195 1744 1060 1744 1057 1744 1055 1744 1053 1744 1029 1758 1027 1761 678 1761 676 1758 648 1747 645 1747 643 1747 641 1747 617 1756 617 1810"/></Shape>
	    <String CONTENT="tu pourras t’allonger et roupiller un bon coup."
                    HPOS="615"
                    VPOS="1744"
                    WIDTH="1758"
                    HEIGHT="106"
                    WC="0.9753416700566069"></String>
          </TextLine>

          
          
          <TextLine ID="eSc_line_1a9d4950"
                    TAGREFS="LT4161"
                    BASELINE="739 2126 2515 2133" 
                    HPOS="737"
                    VPOS="2058"
                    WIDTH="1778"
                    HEIGHT="107">
            <Shape><Polygon POINTS="2424 2065 2410 2065 2328 2074 2211 2062 2209 2062 2207 2062 2204 2062 2181 2083 2122 2065 2120 2065 2118 2065 2031 2083 2024 2083 2010 2083 1907 2072 1905 2072 1764 2079 1729 2060 1727 2060 1724 2060 1621 2081 1617 2081 1596 2081 1572 2081 1549 2060 1547 2060 1544 2060 1542 2060 1539 2060 1493 2076 1446 2060 1444 2060 1441 2060 1439 2060 1437 2060 1413 2079 1287 2079 1261 2058 1259 2058 1256 2058 1254 2058 1153 2079 1151 2081 987 2081 985 2079 929 2058 926 2058 889 2058 887 2058 884 2058 882 2058 856 2079 854 2079 739 2079 739 2126 737 2142 870 2144 889 2158 891 2158 894 2158 896 2158 1085 2147 1099 2147 1128 2147 1549 2163 1551 2165 1820 2165 1820 2163 1823 2163 1825 2163 1837 2154 1839 2151 1855 2154 1926 2165 1928 2165 2092 2156 2176 2151 2511 2158 2515 2133 2515 2086 2443 2065 2424 2065"/></Shape>
	    <String CONTENT="— On avait beau lui parler, rapporte Clotaire,"
                    HPOS="737"
                    VPOS="2058"
                    WIDTH="1778"
                    HEIGHT="107"
                    WC="0.9848105635332025"></String>
          </TextLine>

          
          
          <TextLine ID="eSc_line_34fb189c"
                    TAGREFS="LT4161"
                    BASELINE="615 2240 2511 2235" 
                    HPOS="613"
                    VPOS="2165"
                    WIDTH="1898"
                    HEIGHT="106">
            <Shape><Polygon POINTS="615 2240 615 2259 889 2271 891 2271 1095 2259 1111 2259 1118 2259 1193 2271 1195 2271 1717 2257 1781 2257 1811 2257 2054 2268 2057 2268 2129 2257 2134 2257 2148 2257 2452 2268 2455 2268 2457 2268 2511 2254 2511 2235 2506 2186 2129 2186 2125 2182 2113 2172 2111 2172 2108 2172 2106 2172 2104 2172 2101 2172 2087 2182 2082 2184 1912 2184 1907 2182 1891 2170 1888 2170 1886 2170 1884 2170 1788 2179 1745 2184 1738 2179 1720 2165 1717 2165 1715 2165 1713 2165 1617 2179 1556 2189 1455 2189 1439 2177 1432 2172 1429 2172 1427 2172 1425 2172 1422 2172 1408 2177 1385 2186 1366 2177 1350 2168 1348 2168 1345 2168 1280 2177 1205 2186 1179 2175 1160 2168 1158 2168 1156 2168 1123 2175 1071 2186 896 2172 812 2168 809 2168 613 2170 615 2240"/></Shape>
	    <String CONTENT="Philippe ne répondait rien. Il continuait son range¬"
                    HPOS="613"
                    VPOS="2165"
                    WIDTH="1898"
                    HEIGHT="106"
                    WC="0.9875986609818801"></String>
          </TextLine>

          
          
          <TextLine ID="eSc_line_4ee6212f"
                    TAGREFS="LT4161"
                    BASELINE="613 2345 2518 2341" 
                    HPOS="610"
                    VPOS="2273"
                    WIDTH="1908"
                    HEIGHT="91">
            <Shape><Polygon POINTS="613 2345 613 2364 2515 2359 2518 2341 2513 2289 2448 2273 2445 2273 2443 2273 2394 2287 2321 2275 2319 2275 2317 2275 2314 2275 2298 2289 2202 2289 2185 2275 2183 2275 2181 2275 2178 2275 2082 2287 2022 2273 2019 2273 2017 2273 2015 2273 2012 2273 1991 2289 1872 2289 1804 2273 1802 2273 1799 2273 1771 2287 1752 2273 1750 2273 1748 2273 1745 2273 1743 2273 1696 2287 1355 2275 1352 2275 1289 2289 1240 2275 1238 2275 1235 2275 1233 2275 1231 2275 1212 2292 1123 2292 1050 2275 1048 2275 835 2289 805 2275 802 2275 800 2275 610 2292 613 2345"/></Shape>
	    <String CONTENT="ment en précipitant l’allure et énumérant entre les"
                    HPOS="610"
                    VPOS="2273"
                    WIDTH="1908"
                    HEIGHT="91"
                    WC="0.9847777353392707"></String>
          </TextLine>

          
          
          <TextLine ID="eSc_line_b1ba39fd"
                    TAGREFS="LT4161"
                    BASELINE="613 2451 2520 2446" 
                    HPOS="610"
                    VPOS="2376"
                    WIDTH="1910"
                    HEIGHT="91">
            <Shape><Polygon POINTS="613 2451 613 2467 2518 2462 2520 2446 2513 2395 2340 2395 2307 2376 2305 2376 2302 2376 2300 2376 2239 2392 2089 2376 2087 2376 2085 2376 2045 2392 2024 2376 2022 2376 2019 2376 1933 2376 1930 2376 1928 2376 1926 2376 1902 2390 1755 2378 1752 2378 1673 2392 1617 2376 1614 2376 1612 2376 1610 2376 1558 2397 1411 2397 1387 2378 1385 2378 1383 2378 1329 2378 1327 2378 1324 2378 1322 2378 1298 2395 1177 2378 1174 2378 1172 2378 1170 2378 1146 2397 929 2397 894 2378 891 2378 889 2378 713 2390 643 2378 641 2378 638 2378 636 2378 610 2392 613 2451"/></Shape>
	    <String CONTENT="dents le nom des divers objets qu’il classait avec"
                    HPOS="610"
                    VPOS="2376"
                    WIDTH="1910"
                    HEIGHT="91"
                    WC="0.9765539014339447"></String>
          </TextLine>

          
          
          <TextLine ID="eSc_line_ecaf9ffa"
                    TAGREFS="LT4161"
                    BASELINE="613 2549 2520 2554" 
                    HPOS="610"
                    VPOS="2483"
                    WIDTH="1910"
                    HEIGHT="101">
            <Shape><Polygon POINTS="613 2549 610 2565 636 2579 638 2579 641 2579 1139 2570 1298 2582 1301 2582 1427 2570 1767 2584 1769 2584 1837 2572 2197 2584 2199 2584 2518 2570 2520 2554 2513 2500 2436 2486 2434 2486 2335 2500 2333 2500 2328 2500 2045 2486 2043 2486 2040 2486 2038 2486 2022 2500 1902 2500 1727 2500 1710 2500 1591 2486 1589 2486 1586 2486 1584 2486 1568 2500 1563 2500 1544 2500 1390 2483 1387 2483 1327 2497 613 2497 613 2549"/></Shape>
	    <String CONTENT="une minutie scrupuleuse. Puis j’ai eu l’impression"
                    HPOS="610"
                    VPOS="2483"
                    WIDTH="1910"
                    HEIGHT="101"
                    WC="0.9882779467105866"></String>
          </TextLine>

          
          
          <TextLine ID="eSc_line_84be5603"
                    TAGREFS="LT4161"
                    BASELINE="613 2659 2515 2656" 
                    HPOS="610"
                    VPOS="2589"
                    WIDTH="1905"
                    HEIGHT="100">
            <Shape><Polygon POINTS="613 2659 613 2678 629 2689 631 2689 634 2689 636 2689 751 2675 762 2675 917 2675 919 2675 938 2689 940 2689 943 2689 945 2689 1025 2675 1039 2675 1799 2675 1832 2680 1907 2689 1909 2689 2033 2680 2094 2675 2143 2680 2232 2689 2235 2689 2513 2680 2515 2656 2511 2589 2452 2589 2450 2589 2448 2589 2445 2589 2424 2605 2340 2589 2331 2589 2328 2589 2319 2589 2246 2607 2054 2607 1998 2593 1972 2589 1970 2589 1942 2593 1891 2605 1848 2596 1823 2589 1820 2589 1818 2589 1816 2589 1813 2589 1806 2596 1792 2605 1767 2596 1752 2591 1750 2591 1748 2591 1692 2596 1614 2605 1586 2598 1554 2589 1551 2589 1444 2589 1441 2589 1439 2589 1401 2600 1383 2607 1195 2607 1174 2603 1095 2589 1092 2589 1090 2589 1048 2603 1041 2607 610 2607 613 2659"/></Shape>
	    <String CONTENT="que ses gestes s’accéléraient de plus en plus. Il"
                    HPOS="610"
                    VPOS="2589"
                    WIDTH="1905"
                    HEIGHT="100"
                    WC="0.9920730882999944"></String>
          </TextLine>

          
          
          <TextLine ID="eSc_line_29927af4"
                    TAGREFS="LT4161"
                    BASELINE="610 2764 2520 2764" 
                    HPOS="610"
                    VPOS="2694"
                    WIDTH="1910"
                    HEIGHT="98">
            <Shape><Polygon POINTS="610 2764 610 2778 638 2792 641 2792 643 2792 968 2780 1074 2780 2221 2780 2225 2780 2246 2792 2249 2792 2251 2792 2518 2780 2520 2764 2511 2708 2473 2694 2471 2694 2469 2694 2340 2710 2317 2694 2314 2694 2312 2694 2232 2694 2230 2694 2228 2694 2225 2694 2204 2710 2171 2694 2169 2694 2167 2694 2054 2710 2031 2694 2029 2694 2026 2694 1977 2694 1975 2694 1769 2710 1659 2694 1657 2694 1654 2694 1652 2694 1628 2713 1465 2713 1411 2696 1408 2696 1406 2696 1275 2710 1224 2696 1221 2696 1219 2696 1057 2710 1034 2694 1032 2694 1029 2694 1027 2694 1025 2694 973 2708 954 2694 952 2694 950 2694 947 2694 945 2694 903 2710 727 2699 725 2699 610 2710 610 2764"/></Shape>
	    <String CONTENT="entassait à toute vitesse. On aurait dit Chaplin"
                    HPOS="610"
                    VPOS="2694"
                    WIDTH="1910"
                    HEIGHT="98"
                    WC="0.9885497178350177"></String>
          </TextLine>

          
          
          <TextLine ID="eSc_line_82b154ec"
                    TAGREFS="LT4161"
                    BASELINE="613 2872 2515 2867" 
                    HPOS="610"
                    VPOS="2794"
                    WIDTH="1905"
                    HEIGHT="94">
            <Shape><Polygon POINTS="613 2872 613 2888 2513 2886 2515 2867 2511 2816 2431 2816 2394 2794 2391 2794 2389 2794 2387 2794 2345 2816 2183 2816 2150 2799 2148 2799 2146 2799 2143 2799 2085 2813 2022 2794 2019 2794 2017 2794 2015 2794 1970 2813 1933 2794 1930 2794 1769 2794 1767 2794 1764 2794 1762 2794 1736 2816 1549 2816 1483 2797 1481 2797 1479 2797 1476 2797 1474 2797 1448 2816 1144 2816 1099 2797 1097 2797 1025 2797 1022 2797 1020 2797 1018 2797 994 2816 898 2797 849 2797 847 2797 844 2797 842 2797 816 2816 713 2816 650 2797 648 2797 645 2797 643 2797 641 2797 610 2813 613 2872"/></Shape>
	    <String CONTENT="dans Les Temps modernes. Telle facture, dans"
                    HPOS="610"
                    VPOS="2794"
                    WIDTH="1905"
                    HEIGHT="94"
                    WC="0.9862570667808707"></String>
          </TextLine>

          
          
          <TextLine ID="eSc_line_581515a8"
                    TAGREFS="LT4161"
                    BASELINE="613 2975 1715 2975" 
                    HPOS="613"
                    VPOS="2902"
                    WIDTH="1102"
                    HEIGHT="91">
            <Shape><Polygon POINTS="613 2975 613 2993 1715 2993 1715 2975 1715 2925 1628 2904 1626 2904 1624 2904 1572 2925 1411 2925 1359 2904 1357 2904 1355 2904 1352 2904 1308 2923 1205 2923 1167 2902 1165 2902 1163 2902 1109 2902 1107 2902 997 2923 903 2902 901 2902 898 2902 856 2923 837 2904 837 2902 835 2902 833 2902 830 2902 828 2902 781 2921 692 2902 690 2902 688 2902 613 2923 613 2975"/></Shape>
	    <String CONTENT="telle boîte, telle carte ici, etc."
                    HPOS="613"
                    VPOS="2902"
                    WIDTH="1102"
                    HEIGHT="91"
                    WC="0.9901337538446698"></String>
          </TextLine>

          
          
          <TextLine ID="eSc_line_54344a33"
                    TAGREFS="LT4161"
                    BASELINE="723 3283 2522 3290" 
                    HPOS="720"
                    VPOS="3208"
                    WIDTH="1802"
                    HEIGHT="110">
            <Shape><Polygon POINTS="2338 3215 2319 3215 2251 3230 2221 3213 2218 3213 2216 3213 2214 3213 2169 3225 2132 3213 2129 3213 2127 3213 2125 3213 2122 3213 2089 3239 2087 3241 2047 3241 2045 3239 2012 3213 2010 3213 2008 3213 1921 3211 1919 3211 1916 3211 1914 3211 1884 3230 1827 3211 1825 3211 1823 3211 1820 3211 1818 3211 1785 3237 1785 3239 1708 3239 1706 3237 1666 3211 1664 3211 1661 3211 1659 3211 1657 3211 1579 3237 1575 3239 1444 3239 1441 3237 1411 3211 1408 3211 1406 3211 1336 3211 1334 3211 1331 3211 1329 3211 1301 3232 1254 3208 1252 3208 1249 3208 1247 3208 1174 3232 1144 3208 1142 3208 1139 3208 1137 3208 1135 3208 1099 3225 1081 3208 1078 3208 1076 3208 1074 3208 1071 3208 1013 3222 982 3208 980 3208 978 3208 975 3208 912 3234 910 3234 865 3208 863 3208 861 3208 858 3208 856 3208 823 3234 821 3234 723 3234 723 3283 720 3297 872 3314 875 3316 1301 3316 1301 3314 1303 3314 1305 3314 1319 3302 1336 3316 1338 3316 1341 3316 1343 3316 1427 3304 1441 3316 1444 3316 1446 3316 1448 3316 1521 3304 1537 3316 1539 3316 1542 3316 1544 3316 1919 3304 2443 3318 2445 3318 2520 3304 2522 3290 2520 3241 2419 3227 2417 3227 2415 3227 2377 3239 2340 3215 2338 3215"/></Shape>
	    <String CONTENT="— La Michelin 72 avec la... la 76... Merde, y a"
                    HPOS="720"
                    VPOS="3208"
                    WIDTH="1802"
                    HEIGHT="110"
                    WC="0.9569831807562645"></String>
          </TextLine>

          
          
          <TextLine ID="eSc_line_e2675090"
                    TAGREFS="LT4161"
                    BASELINE="613 3398 2518 3398" 
                    HPOS="613"
                    VPOS="3323"
                    WIDTH="1905"
                    HEIGHT="103">
            <Shape><Polygon POINTS="613 3398 613 3426 748 3414 1261 3414 1284 3424 1289 3426 1291 3426 1294 3426 1319 3424 1432 3414 1516 3424 1542 3426 1544 3426 1582 3424 1692 3414 2515 3419 2518 3398 2518 3344 2417 3328 2415 3328 2412 3328 2363 3339 2345 3323 2342 3323 2340 3323 2338 3323 2335 3323 2277 3344 2171 3344 2134 3323 2132 3323 2129 3323 2127 3323 2073 3337 2008 3323 2005 3323 1900 3337 1806 3323 1804 3323 1802 3323 1799 3323 1771 3344 1322 3344 1296 3323 1294 3323 1291 3323 1202 3323 1200 3323 1198 3323 1195 3323 1172 3339 1116 3323 1114 3323 1111 3323 1109 3323 1107 3323 1081 3344 1041 3344 966 3323 964 3323 877 3323 875 3323 872 3323 870 3323 847 3339 791 3323 788 3323 786 3323 784 3323 781 3323 755 3344 613 3344 613 3398"/></Shape>
	    <String CONTENT="pas de 73 ni de 74, ça va pas... Faudra les acheter,"
                    HPOS="613"
                    VPOS="3323"
                    WIDTH="1905"
                    HEIGHT="103"
                    WC="0.9763699477573611"></String>
          </TextLine>

          
          
          <TextLine ID="eSc_line_c5d94750"
                    TAGREFS="LT4161"
                    BASELINE="613 3501 2246 3501" 
                    HPOS="613"
                    VPOS="3428"
                    WIDTH="1633"
                    HEIGHT="92">
            <Shape><Polygon POINTS="613 3501 613 3520 2246 3520 2246 3501 2246 3449 2125 3428 2122 3428 1893 3445 1858 3447 1839 3445 1738 3428 1736 3428 1664 3442 1642 3447 1633 3442 1603 3428 1600 3428 1542 3428 1539 3428 1537 3428 1511 3442 1500 3449 1429 3449 1418 3440 1392 3428 1390 3428 1387 3428 1385 3428 1348 3440 1341 3442 1334 3440 1291 3428 1289 3428 1287 3428 1284 3428 1261 3440 1247 3449 1092 3449 1069 3438 1043 3428 1041 3428 997 3428 994 3428 992 3428 989 3428 980 3438 966 3447 613 3435 613 3501"/></Shape>
	    <String CONTENT="les mecs. Qu’on ait la collection complète."
                    HPOS="613"
                    VPOS="3428"
                    WIDTH="1633"
                    HEIGHT="92"
                    WC="0.9960401031104001"></String>
          </TextLine>

          
          
          <TextLine ID="eSc_line_7284d4a1"
                    TAGREFS="LT4161"
                    BASELINE="695 3604 2508 3597" 
                    HPOS="692"
                    VPOS="3531"
                    WIDTH="1816"
                    HEIGHT="91">
            <Shape><Polygon POINTS="695 3604 695 3622 2506 3615 2508 3597 2504 3548 2192 3548 2094 3531 2092 3531 2089 3531 2031 3545 1923 3531 1921 3531 1919 3531 1869 3548 1867 3548 1865 3548 1745 3534 1743 3534 1741 3534 1738 3534 1720 3548 1605 3536 1603 3536 1411 3548 1338 3534 1336 3534 1334 3534 1284 3550 1282 3550 1280 3550 1231 3536 1228 3536 1226 3536 1163 3550 1160 3550 1158 3550 1107 3536 1104 3536 1102 3536 1099 3536 1097 3536 1078 3550 1022 3536 1020 3536 1018 3536 793 3550 706 3536 704 3536 702 3536 699 3536 699 3538 692 3543 695 3604"/></Shape>
	    <String CONTENT="Je remets toutes les cartes dans l’ordre en mar¬"
                    HPOS="692"
                    VPOS="3531"
                    WIDTH="1816"
                    HEIGHT="91"
                    WC="0.9942757797737917"></String>
          </TextLine>

          
          
          <TextLine ID="eSc_line_53b1a10d"
                    TAGREFS="LT4161"
                    BASELINE="610 3704 2511 3704" 
                    HPOS="610"
                    VPOS="3636"
                    WIDTH="1901"
                    HEIGHT="92">
            <Shape><Polygon POINTS="610 3704 610 3725 2508 3728 2511 3704 2506 3636 2455 3651 2424 3636 2422 3636 2314 3636 2312 3636 2309 3636 2307 3636 2288 3651 2265 3639 2263 3636 2260 3636 2258 3636 2256 3636 2249 3639 2195 3651 2075 3639 2038 3636 2036 3636 2033 3636 2031 3636 2029 3639 2010 3653 1724 3653 1682 3643 1647 3636 1645 3636 1642 3636 1628 3643 1612 3653 1437 3653 1411 3646 1378 3636 1376 3636 1373 3636 1371 3636 1343 3646 1327 3653 1125 3653 1111 3648 1071 3636 1069 3636 1067 3636 1064 3636 1039 3648 1032 3651 1006 3648 922 3639 919 3639 610 3651 610 3704"/></Shape>
	    <String CONTENT="monnant mais je garde un œil sur eux. Je vois Rémi"
                    HPOS="610"
                    VPOS="3636"
                    WIDTH="1901"
                    HEIGHT="92"
                    WC="0.9747000021093032"></String>
          </TextLine>

          
        </TextBlock>
        
        <TextBlock HPOS="608.7388305664062"
                   VPOS="3801.4140625"
                   WIDTH="146.6834716796875"
                   HEIGHT="108.997314453125"
                   ID="block_1"
                   TAGREFS="BT10606">
          <Shape><Polygon POINTS="608.739 3801.41 755.422 3801.41 755.422 3910.41 608.739 3910.41 608.739 3801.41"/></Shape>
          
          
          <TextLine ID="eSc_line_43947135"
                    TAGREFS="LT4161"
                    BASELINE="613 3875 744 3870" 
                    HPOS="610"
                    VPOS="3803"
                    WIDTH="134"
                    HEIGHT="88">
            <Shape><Polygon POINTS="613 3875 613 3891 744 3889 744 3870 739 3814 671 3803 669 3803 667 3803 610 3817 613 3875"/></Shape>
	    <String CONTENT="134"
                    HPOS="610"
                    VPOS="3803"
                    WIDTH="134"
                    HEIGHT="88"
                    WC="0.9999023874600729"></String>
          </TextLine>

          
        </TextBlock>
        

        
      </PrintSpace>
    </Page>
  </Layout>
</alto>
