2977 4210
798 451 1790 96 Les pompiers n’étaient pas arrivés et des pécores

711 551 1872 96 à peine vêtus, avec des seaux et des baquets, cou¬

709 654 1874 87 raient vers la ferme qu’on voyait brûler au loin.

709 757 1877 85 On a couru, nous aussi. Un mur de feu se dressait

709 860 1870 87 devant nous. Le crépitement est devenu assourdis¬

713 963 1873 94 sant, la chaleur intenable. Les flammes montaient,

713 1066 1877 87 lisses et rapides, s’étiraient très haut, donnant

713 1169 1868 96 l’impression de se combattre. "Oh que c’est beau!

711 1267 1872 89 à dit Camille. (Elle aussi à présent elle était con¬

711 1372 1830 99 vaincue.) Qu’est-ce que ça veut dire, carbonisé?

709 1475 1380 89 elle m’a demandé, les yeux brillants.

795 1578 1788 87 A Ce moment on a entendu le klaxon des pom¬

711 1684 1872 98 plers et on est repartis en riant du côté de la fête,

711 1779 735 101 je veux dire du feu.

793 2093 1797 98 Je suis en train de songer à tout ça quand, au

706 2196 1882 86 crépitement de l’incendie, se mêlent soudain des

704 2294 1877 91 flonflons et je me réveille dans cette brave Chero¬

704 2399 601 96 kKee qui ralentit.

793 2502 1797 89 Des lumières de toutes les couleurs se reflètent

704 2605 1884 98 dans le pare-brise. Je me hisse sur un coude pour

711 2710 1877 84 Voir discrétos. Les flonflons proviennent d’une

704 2809 1877 95 auberge illuminée. Sur la chaussée, trois poche¬

704 2911 1886 89 trons endimanchés et débraillés se tiennent par la

704 3014 1884 89 taille et dansent une espèce de bourrée. Le 4x4 est

706 3115 712 103 obligé de s’arrêter.

793 3218 1783 105 Un des picolos, plus bourré que les autres, s’ap¬

704 3325 1877 101 proche. Fromage blanc met la main à sa poche,

704 3428 1884 94 celle où se trouve son cran d’arrêt. La main de

706 3531 1884 122 Boule de neige se pose sur son poignet. Il doit

704 3707 131 89 198
