<?xml version="1.0" encoding="UTF-8"?>
<alto xmlns:xsi="http://www.w3.org/2001/XMLSchema-instance"
      xmlns="http://www.loc.gov/standards/alto/ns-v4#"
      xsi:schemaLocation="http://www.loc.gov/standards/alto/ns-v4# http://www.loc.gov/standards/alto/v4/alto-4-2.xsd">
  <Description>
    <MeasurementUnit>pixel</MeasurementUnit>
    <sourceImageInformation>
      <fileName>page_00271.png</fileName>
      
    </sourceImageInformation>
  </Description>
  
  <Tags>
    <OtherTag ID="BT10605" LABEL="MainZone" DESCRIPTION="block type MainZone"/><OtherTag ID="BT10606" LABEL="NumberingZone" DESCRIPTION="block type NumberingZone"/><OtherTag ID="BT10607" LABEL="RunningTitleZone" DESCRIPTION="block type RunningTitleZone"/><OtherTag ID="BT10608" LABEL="QuireMarksZone" DESCRIPTION="block type QuireMarksZone"/><OtherTag ID="BT10609" LABEL="CustomZone" DESCRIPTION="block type CustomZone"/>
    <OtherTag ID="LT4159" LABEL="DefaultLine" DESCRIPTION="line type DefaultLine"/><OtherTag ID="LT4160" LABEL="HeadingLine" DESCRIPTION="line type HeadingLine"/><OtherTag ID="LT4161" LABEL="default" DESCRIPTION="line type default"/>
  </Tags>
  
  <Layout>
    <Page WIDTH="2977"
          HEIGHT="4210"
          PHYSICAL_IMG_NR="268"
          ID="eSc_dummypage_">
      <PrintSpace HPOS="0"
                  VPOS="0"
                  WIDTH="2977"
                  HEIGHT="4210">
        
        <TextBlock HPOS="511.10235595703125"
                   VPOS="417.1253967285156"
                   WIDTH="1958.2894897460938"
                   HEIGHT="1883.7068786621094"
                   ID="block_0"
                   TAGREFS="BT10605">
          <Shape><Polygon POINTS="511.102 417.125 2469.39 417.125 2469.39 2300.83 511.102 2300.83 511.102 417.125"/></Shape>
          
          
          <TextLine ID="eSc_line_7bdf8396"
                    TAGREFS="LT4161"
                    BASELINE="552 514 2419 514" 
                    HPOS="552"
                    VPOS="446"
                    WIDTH="1867"
                    HEIGHT="89">
            <Shape><Polygon POINTS="2284 446 2281 446 2260 446 2237 446 2214 446 2176 446 2174 446 2171 446 2169 446 2148 463 2146 465 2031 465 2026 460 2012 451 2010 451 2008 451 2005 451 2003 451 1984 460 1982 463 1979 460 1963 449 1961 449 1958 449 1956 449 1879 460 1855 463 1839 460 1790 446 1788 446 1785 446 1680 458 1638 463 1591 458 1500 446 1387 446 1385 446 1383 446 1380 446 1369 456 1362 463 1352 456 1343 449 1341 449 1338 449 1336 449 1334 449 1312 456 1287 463 1261 456 1238 449 1235 449 1233 449 1231 449 1228 449 1219 456 1209 463 1198 456 1191 449 1188 449 1186 449 1184 449 1181 449 1170 453 1153 463 1018 463 1006 453 997 446 994 446 992 446 931 446 929 446 926 446 924 446 917 453 901 465 840 465 823 451 816 446 814 446 812 446 809 446 807 446 791 451 760 463 552 451 552 514 552 535 2419 535 2419 514 2419 465 2314 465 2312 463 2286 446 2284 446"/></Shape>
	    <String CONTENT="Luna!... Il avait tort, Rémi, vraiment tort. J’étais"
                    HPOS="552"
                    VPOS="446"
                    WIDTH="1867"
                    HEIGHT="89"
                    WC="0.9826137489742703"></String>
          </TextLine>

          
          
          <TextLine ID="eSc_line_1b0aeac9"
                    TAGREFS="LT4161"
                    BASELINE="549 619 2415 619" 
                    HPOS="549"
                    VPOS="551"
                    WIDTH="1866"
                    HEIGHT="87">
            <Shape><Polygon POINTS="549 619 549 638 2415 638 2415 619 2415 570 2373 554 2370 554 2368 554 2232 568 2211 551 2209 551 2207 551 2153 551 2150 551 2148 551 2146 551 2122 570 2120 570 1975 568 1874 568 1855 551 1853 551 1851 551 1848 551 1846 551 1795 568 1783 570 1774 568 1736 551 1734 551 1614 551 1612 551 1610 551 1607 551 1589 566 1582 573 1495 573 1486 566 1467 551 1465 551 1462 551 1460 551 1458 551 1413 563 1404 568 1151 570 1123 561 1088 551 1085 551 1083 551 964 561 840 570 814 558 795 551 793 551 755 551 753 551 751 551 748 551 741 558 725 570 549 558 549 619"/></Shape>
	    <String CONTENT="hors de moi. Il a vraiment eu de la chance... Qu’cst¬"
                    HPOS="549"
                    VPOS="551"
                    WIDTH="1866"
                    HEIGHT="87"
                    WC="0.9777430385913489"></String>
          </TextLine>

          
          
          <TextLine ID="eSc_line_cd5feb54"
                    TAGREFS="LT4161"
                    BASELINE="552 722 1451 718" 
                    HPOS="549"
                    VPOS="657"
                    WIDTH="902"
                    HEIGHT="93">
            <Shape><Polygon POINTS="552 722 552 734 727 750 730 750 807 736 987 748 989 748 992 748 994 748 994 746 1006 734 1036 746 1039 746 1369 748 1371 748 1373 748 1408 734 1422 748 1425 748 1427 748 1429 748 1432 748 1434 748 1434 746 1451 729 1451 718 1444 657 549 671 552 722"/></Shape>
	    <String CONTENT="ce que vous en pensez?"
                    HPOS="549"
                    VPOS="657"
                    WIDTH="902"
                    HEIGHT="93"
                    WC="0.9940895275636152"></String>
          </TextLine>

          
          
          <TextLine ID="eSc_line_d42adcda"
                    TAGREFS="LT4161"
                    BASELINE="638 823 1076 823" 
                    HPOS="638"
                    VPOS="750"
                    WIDTH="438"
                    HEIGHT="92">
            <Shape><Polygon POINTS="638 823 638 842 1076 842 1076 823 1076 774 1029 755 1027 755 1025 755 1022 755 1020 755 1020 757 1006 771 872 774 809 774 805 774 767 750 765 750 762 750 657 750 655 750 652 750 650 750 650 753 638 764 638 823"/></Shape>
	    <String CONTENT="Elle sourit."
                    HPOS="638"
                    VPOS="750"
                    WIDTH="438"
                    HEIGHT="92"
                    WC="0.9733866254488627"></String>
          </TextLine>

          
          
          <TextLine ID="eSc_line_e9a32428"
                    TAGREFS="LT4161"
                    BASELINE="716 923 2412 919" 
                    HPOS="713"
                    VPOS="856"
                    WIDTH="1699"
                    HEIGHT="95">
            <Shape><Polygon POINTS="716 923 716 940 1277 951 1280 951 1282 951 1284 951 1303 940 1366 951 1369 951 1441 940 1551 951 1554 951 1556 951 1558 951 1575 937 1577 937 1614 937 1991 949 1994 951 2115 951 2115 949 2118 949 2120 949 2132 940 2141 949 2143 949 2146 949 2148 949 2150 949 2195 937 2214 949 2216 949 2218 949 2221 949 2295 937 2387 949 2389 949 2391 949 2394 949 2412 935 2412 919 2410 872 2377 856 2375 856 2373 856 2307 870 2160 856 2157 856 2155 856 2153 856 2136 872 2022 872 1956 856 1954 856 1884 872 1535 872 1343 858 1341 858 1338 858 1336 858 1310 874 1144 874 1076 858 1074 858 872 872 793 858 791 858 713 874 716 923"/></Shape>
	    <String CONTENT="— Je ne sais pas si vous avez eu raison d’avoir"
                    HPOS="713"
                    VPOS="856"
                    WIDTH="1699"
                    HEIGHT="95"
                    WC="0.9964597060325298"></String>
          </TextLine>

          
          
          <TextLine ID="eSc_line_36df19ac"
                    TAGREFS="LT4161"
                    BASELINE="547 1033 2415 1024" 
                    HPOS="545"
                    VPOS="956"
                    WIDTH="1870"
                    HEIGHT="105">
            <Shape><Polygon POINTS="547 1033 547 1061 645 1047 1092 1057 1160 1057 1163 1057 1177 1054 1245 1045 1561 1052 1755 1054 1757 1054 1759 1054 1762 1054 1769 1050 1778 1043 1900 1043 1909 1047 1926 1054 1928 1054 1930 1054 1933 1054 1935 1054 1944 1047 1954 1043 2412 1043 2415 1024 2408 970 2108 970 2106 970 2061 956 2059 956 2057 956 2054 956 1998 970 1902 958 1900 958 1898 958 1895 958 1879 972 1877 975 1731 975 1724 972 1635 958 1633 958 1631 958 1579 972 1577 972 1479 958 1476 958 1408 975 1401 975 1385 961 1383 961 1380 961 1378 961 1376 961 1331 975 1329 975 1324 975 1280 961 1277 961 1275 961 1273 961 1270 961 1252 975 1249 975 1217 975 751 963 748 963 545 977 547 1033"/></Shape>
	    <String CONTENT="peur. Rémi n’a pas tort. Vous êtes un bon bougre et"
                    HPOS="545"
                    VPOS="956"
                    WIDTH="1870"
                    HEIGHT="105"
                    WC="0.9915857584971302"></String>
          </TextLine>

          
          
          <TextLine ID="eSc_line_9a32a4c2"
                    TAGREFS="LT4161"
                    BASELINE="545 1132 2410 1127" 
                    HPOS="542"
                    VPOS="1064"
                    WIDTH="1868"
                    HEIGHT="84">
            <Shape><Polygon POINTS="545 1132 545 1148 2410 1143 2410 1127 2403 1075 2017 1075 2010 1075 1949 1064 1947 1064 1830 1075 1825 1075 1820 1075 1745 1064 1743 1064 954 1078 938 1078 936 1078 849 1066 847 1066 692 1078 573 1066 571 1066 568 1066 542 1075 545 1132"/></Shape>
	    <String CONTENT="dans notre monde, c’est toujours les sales mecs qui"
                    HPOS="542"
                    VPOS="1064"
                    WIDTH="1868"
                    HEIGHT="84"
                    WC="0.9944407530859405"></String>
          </TextLine>

          
          
          <TextLine ID="eSc_line_4db3cd4d"
                    TAGREFS="LT4161"
                    BASELINE="547 1234 1968 1230" 
                    HPOS="545"
                    VPOS="1162"
                    WIDTH="1423"
                    HEIGHT="101">
            <Shape><Polygon POINTS="547 1234 547 1248 889 1248 891 1248 910 1260 912 1260 915 1260 917 1260 1144 1248 1146 1248 1160 1260 1163 1260 1165 1260 1167 1263 1256 1263 1256 1260 1338 1246 1350 1246 1965 1246 1968 1230 1963 1181 1877 1178 1862 1164 1862 1162 1860 1162 1858 1162 1855 1162 1785 1176 1745 1162 1743 1162 1741 1162 1738 1162 1736 1162 1736 1164 1722 1176 1706 1162 1703 1162 1701 1162 1699 1162 1523 1178 1427 1162 1425 1162 1422 1162 1420 1162 1404 1178 1207 1181 1172 1164 1170 1164 1167 1164 1165 1164 1163 1164 1163 1167 1144 1183 1034 1183 936 1181 922 1167 922 1164 919 1164 917 1164 915 1164 912 1164 865 1178 727 1164 725 1164 631 1178 575 1164 573 1164 571 1164 568 1164 566 1164 545 1178 547 1234"/></Shape>
	    <String CONTENT="tuent les braves types et les imbéciles."
                    HPOS="545"
                    VPOS="1162"
                    WIDTH="1423"
                    HEIGHT="101"
                    WC="0.9877786345598174"></String>
          </TextLine>

          
          
          <TextLine ID="eSc_line_4ee81969"
                    TAGREFS="LT4161"
                    BASELINE="676 1330 2403 1333" 
                    HPOS="674"
                    VPOS="1267"
                    WIDTH="1729"
                    HEIGHT="96">
            <Shape><Polygon POINTS="676 1330 674 1344 1219 1363 1221 1363 2401 1349 2403 1333 2401 1284 2136 1284 2134 1281 2068 1267 2066 1267 2064 1267 2005 1281 2003 1284 1727 1284 1724 1281 1703 1267 1701 1267 1699 1267 1696 1267 1626 1281 1621 1284 931 1284 922 1281 861 1267 858 1267 676 1279 676 1330"/></Shape>
	    <String CONTENT="— Vous ne comprenez pas. Je suis un dangereux."
                    HPOS="674"
                    VPOS="1267"
                    WIDTH="1729"
                    HEIGHT="96"
                    WC="0.9862260222434998"></String>
          </TextLine>

          
          
          <TextLine ID="eSc_line_d4d854ba"
                    TAGREFS="LT4161"
                    BASELINE="542 1440 2405 1433" 
                    HPOS="540"
                    VPOS="1365"
                    WIDTH="1865"
                    HEIGHT="101">
            <Shape><Polygon POINTS="542 1440 542 1457 1350 1466 1352 1466 1846 1452 1912 1452 1914 1452 1942 1464 1944 1464 1947 1466 2192 1466 2192 1464 2272 1452 2274 1452 2342 1464 2345 1464 2403 1450 2405 1433 2401 1384 2302 1365 2300 1365 2298 1365 2295 1365 2272 1384 2270 1386 1961 1386 1961 1384 1923 1365 1921 1365 1867 1365 1865 1365 1862 1365 1860 1365 1834 1384 1834 1386 1713 1386 1706 1386 1652 1368 1649 1368 1647 1368 1488 1386 1479 1386 1474 1386 1385 1368 1383 1368 1380 1368 1319 1386 1317 1389 1184 1389 1184 1386 1149 1370 1146 1370 1144 1370 1142 1370 1090 1389 1085 1391 872 1391 863 1389 744 1370 741 1370 652 1382 564 1370 561 1370 559 1370 557 1370 540 1379 542 1440"/></Shape>
	    <String CONTENT="Ceinture nore de ju-jitsu... En cas d’agression des"
                    HPOS="540"
                    VPOS="1365"
                    WIDTH="1865"
                    HEIGHT="101"
                    WC="0.9856740037600199"></String>
          </TextLine>

          
          
          <TextLine ID="eSc_line_e11b9b49"
                    TAGREFS="LT4161"
                    BASELINE="542 1541 2405 1536" 
                    HPOS="540"
                    VPOS="1471"
                    WIDTH="1865"
                    HEIGHT="100">
            <Shape><Polygon POINTS="542 1541 542 1557 1057 1571 1060 1571 1188 1557 1193 1557 1198 1557 1315 1571 1317 1571 1319 1571 1352 1557 1359 1557 1825 1569 1827 1569 1898 1557 2005 1567 2008 1567 2010 1567 2012 1567 2026 1555 2029 1555 2403 1555 2405 1536 2401 1487 2047 1471 2045 1471 2043 1471 2040 1471 2022 1487 1453 1487 1165 1473 1163 1473 1085 1487 943 1473 940 1473 746 1487 650 1473 648 1473 645 1473 643 1473 620 1487 557 1473 554 1473 552 1473 549 1473 549 1475 540 1482 542 1541"/></Shape>
	    <String CONTENT="fachos, explique-t-il, je suis un vrai parano! Je savais"
                    HPOS="540"
                    VPOS="1471"
                    WIDTH="1865"
                    HEIGHT="100"
                    WC="0.9931663924029895"></String>
          </TextLine>

          
          
          <TextLine ID="eSc_line_bde259d5"
                    TAGREFS="LT4161"
                    BASELINE="540 1644 2408 1644" 
                    HPOS="540"
                    VPOS="1576"
                    WIDTH="1868"
                    HEIGHT="86">
            <Shape><Polygon POINTS="540 1644 540 1662 2408 1662 2408 1644 2408 1588 2387 1576 2384 1576 2382 1576 2380 1576 2293 1590 2207 1576 2204 1576 2139 1590 1621 1576 1619 1576 1617 1576 1614 1576 1596 1592 1525 1592 1376 1576 1373 1576 1371 1576 1369 1576 1350 1592 1291 1592 1139 1576 1137 1576 1135 1576 1132 1576 1114 1592 952 1592 896 1576 894 1576 891 1576 889 1576 887 1576 868 1592 540 1592 540 1644"/></Shape>
	    <String CONTENT="ce que je faisais, Luna, j’étais devenu une machine à"
                    HPOS="540"
                    VPOS="1576"
                    WIDTH="1868"
                    HEIGHT="86"
                    WC="0.9924139586361972"></String>
          </TextLine>

          
          
          <TextLine ID="eSc_line_09c67302"
                    TAGREFS="LT4161"
                    BASELINE="542 1747 2408 1742" 
                    HPOS="540"
                    VPOS="1674"
                    WIDTH="1868"
                    HEIGHT="87">
            <Shape><Polygon POINTS="542 1747 542 1761 2405 1761 2408 1742 2403 1693 2270 1693 2251 1676 2249 1676 2246 1676 2244 1676 2242 1676 2199 1693 2017 1693 1984 1674 1982 1674 1909 1674 1907 1674 1905 1674 1902 1674 1881 1693 1577 1693 1554 1674 1551 1674 1549 1674 1497 1674 1495 1674 1357 1693 718 1676 716 1676 627 1693 566 1676 564 1676 561 1676 559 1676 557 1676 557 1679 540 1691 542 1747"/></Shape>
	    <String CONTENT="tuer! C’est à ce moment-là que j’ai découvert ma"
                    HPOS="540"
                    VPOS="1674"
                    WIDTH="1868"
                    HEIGHT="87"
                    WC="0.9814008719780866"></String>
          </TextLine>

          
          
          <TextLine ID="eSc_line_28be89fc"
                    TAGREFS="LT4161"
                    BASELINE="545 1843 2401 1847" 
                    HPOS="542"
                    VPOS="1777"
                    WIDTH="1859"
                    HEIGHT="98">
            <Shape><Polygon POINTS="545 1843 542 1857 592 1871 594 1871 596 1871 746 1861 985 1873 987 1873 989 1873 1034 1861 1116 1873 1118 1873 1385 1861 1542 1875 1544 1875 1673 1864 2398 1864 2401 1847 2401 1798 2342 1779 2340 1779 2338 1779 1823 1796 1790 1796 1781 1796 1647 1779 1645 1779 1549 1796 1539 1796 1532 1796 1462 1777 1460 1777 1406 1777 1404 1777 1401 1777 1399 1777 1378 1793 1378 1796 1118 1796 1116 1793 1095 1777 1092 1777 1090 1777 1088 1777 1085 1777 1039 1793 1036 1793 1027 1793 863 1779 861 1779 858 1779 812 1793 807 1793 545 1793 545 1843"/></Shape>
	    <String CONTENT="Vraie nature, et ça m’a flanqué une sacrée trouille."
                    HPOS="542"
                    VPOS="1777"
                    WIDTH="1859"
                    HEIGHT="98"
                    WC="0.9900331009518016"></String>
          </TextLine>

          
          
          <TextLine ID="eSc_line_f84f6c0a"
                    TAGREFS="LT4161"
                    BASELINE="629 1943 2398 1948" 
                    HPOS="627"
                    VPOS="1878"
                    WIDTH="1771"
                    HEIGHT="98">
            <Shape><Polygon POINTS="629 1943 627 1967 638 1976 641 1976 643 1976 645 1976 2396 1971 2398 1948 2396 1899 2214 1896 2181 1880 2178 1880 2176 1880 2104 1894 2092 1896 1926 1894 1916 1894 1900 1880 1898 1880 1895 1880 1893 1880 1813 1892 1781 1899 1689 1899 1680 1892 1668 1880 1666 1880 1664 1880 1661 1880 1659 1880 1657 1880 1645 1892 1638 1896 1542 1896 1532 1889 1507 1878 1504 1878 1453 1878 1451 1878 1448 1878 1446 1878 1434 1889 1425 1896 1245 1896 1228 1887 1212 1878 1209 1878 1207 1878 1205 1878 1177 1887 1153 1894 1135 1887 1116 1878 1114 1878 1111 1878 1109 1878 1085 1885 1060 1896 702 1896 685 1882 681 1878 678 1878 676 1878 674 1878 629 1880 629 1943"/></Shape>
	    <String CONTENT="Le sourire de la psy élargit ses lèvres pleines,"
                    HPOS="627"
                    VPOS="1878"
                    WIDTH="1771"
                    HEIGHT="98"
                    WC="0.9915669429302215"></String>
          </TextLine>

          
          
          <TextLine ID="eSc_line_8d5bfa57"
                    TAGREFS="LT4161"
                    BASELINE="533 2051 1238 2051" 
                    HPOS="533"
                    VPOS="1981"
                    WIDTH="705"
                    HEIGHT="91">
            <Shape><Polygon POINTS="533 2051 533 2072 1238 2072 1238 2051 1238 2004 1200 2004 1184 1988 1184 1985 1181 1985 1179 1985 1177 1985 1071 2002 727 1981 725 1981 723 1981 681 2002 645 1981 643 1981 641 1981 589 1981 587 1981 585 1981 533 2002 533 2051"/></Shape>
	    <String CONTENT="elle dit lentement:"
                    HPOS="533"
                    VPOS="1981"
                    WIDTH="705"
                    HEIGHT="91"
                    WC="0.9923688236035799"></String>
          </TextLine>

          
          
          <TextLine ID="eSc_line_c703dd0f"
                    TAGREFS="LT4161"
                    BASELINE="723 2147 2396 2154" 
                    HPOS="720"
                    VPOS="2081"
                    WIDTH="1676"
                    HEIGHT="101">
            <Shape><Polygon POINTS="723 2147 720 2165 777 2179 779 2179 1242 2170 1315 2182 1317 2182 2394 2172 2396 2154 2394 2102 2239 2086 2099 2086 2097 2086 2094 2086 2092 2086 2078 2100 2075 2102 1989 2102 1987 2100 1972 2086 1970 2086 1968 2086 1965 2086 1752 2097 1736 2083 1734 2083 1731 2083 1729 2083 1727 2083 1685 2095 1635 2083 1633 2083 1631 2083 1628 2083 1626 2083 1610 2097 1610 2100 1341 2100 1334 2097 1282 2081 1280 2081 1277 2081 1275 2081 1231 2095 1231 2097 945 2097 943 2095 915 2081 912 2081 910 2081 723 2093 723 2147"/></Shape>
	    <String CONTENT="Mais vous ne l’avez pas tué, mon bon Clotaire."
                    HPOS="720"
                    VPOS="2081"
                    WIDTH="1676"
                    HEIGHT="101"
                    WC="0.9962894700943156"></String>
          </TextLine>

          
          
          <TextLine ID="eSc_line_d21ce01a"
                    TAGREFS="LT4161"
                    BASELINE="622 2252 2150 2257" 
                    HPOS="620"
                    VPOS="2184"
                    WIDTH="1530"
                    HEIGHT="103">
            <Shape><Polygon POINTS="622 2252 620 2273 1146 2287 1149 2287 2148 2278 2150 2257 2148 2207 2047 2186 2045 2186 1965 2205 1961 2205 1919 2205 1900 2205 1881 2189 1881 2186 1879 2186 1877 2186 1874 2186 1872 2186 1811 2203 1699 2193 1696 2193 1694 2193 1692 2193 1682 2203 1680 2205 1673 2203 1631 2186 1628 2186 1626 2186 1624 2186 1586 2203 1577 2205 1327 2205 1317 2200 1287 2184 1284 2184 1282 2184 1212 2200 1195 2203 1181 2198 1139 2186 1137 2186 1135 2186 1132 2186 1090 2198 1071 2203 833 2203 821 2196 793 2184 791 2184 788 2184 786 2184 760 2196 744 2203 727 2196 699 2184 697 2184 695 2184 622 2193 622 2252"/></Shape>
	    <String CONTENT="Et doucement, elle presse la touche play."
                    HPOS="620"
                    VPOS="2184"
                    WIDTH="1530"
                    HEIGHT="103"
                    WC="0.9748008178501595"></String>
          </TextLine>

          
        </TextBlock>
        

        
      </PrintSpace>
    </Page>
  </Layout>
</alto>
