2977 4210
704 442 1912 84 et divers autres accessoires pour se faire un fixe sur

704 537 1912 106 place. L’as de la débrouille avait gravi un échelon de

704 643 1903 105 plus. Dealer, c’était ça que Rémi était devenu!...

699 753 1919 100 Je l’empoigne par le cou et le secoue comme un

697 853 1917 101 dingue. “C’était ça, ton plan, me faire rentrer dans tes

697 961 1919 86 combines à la con! Sans doute pour me faire porter

697 1061 1917 103 le chapeau! C’est ça, hein? L’expert en arnaques

695 1162 1914 96 minables a grimpé l’échelle de l’embrouille: main¬

695 1270 1921 91 tenant, te voici marchand de mort!’" Le mot le fait

692 1370 1915 103 éclater de rire. Il le répète en s’étouffant. “Qu’est-

692 1475 1919 101 ce que tu attends, Cloclo? Allez! Vas-y!’" Je me

695 1588 1916 96 mets à hurler et je lui ai serré la gorge. Il ne se

692 1688 1912 96 débat même pas, il rigole comme un bossu tandis

695 1791 1916 101 que je ne cesse de brailler en lui écrabouillant la

695 1899 1912 98 trachée. Je me rends compte que je vais crier au

697 2004 1215 91 Secours pendant tout le temps...

784 2310 1811 103 La voix de Clotaire s’est étranglée. Il y a un long

699 2420 1901 103 silence que la psy respecte puis elle répète à mi-voix:

798 2521 1046 98 — Pendant tout le temps...

793 2619 1804 108 — Oui, dit Clotaire. Le temps qu’il va me fal¬

695 2734 1905 98 loir pour le tuer... Sa figure se congestionne, ’ai

692 2837 1905 98 I’impression que ses yeux vont sortir des orbites

690 2937 1914 98 mais lui, il n’arrête pas de se marrer. Je le lâche et

692 3042 1908 101 il s’étrangle de rire. “Faut pas te tromper, t’es un

695 3145 1902 106 gentil, toi. Faut plus d’estomac que ça pour être

692 3251 1257 88 un méchant, mon pauvre Cloclo.

781 3353 686 101 Luna le dévisage.

803 3448 1784 102 — Jai aussitôt pris la porte, dit Clotaire le visage

688 3550 1900 115 décomposé. Vous comprenez, j’aurais pu le buter,

683 3742 145 98 282
