2977 4210
1406 975 749 89 MAUX D’ENEANT

1231 1068 1123 108 SOUVENIRS D’EN FRANCE

2078 1379 634 113 K7n°2-face A

858 1590 1854 91 Quelle conne, cette infirmière. Je me méfie d’elle

854 1700 1851 100 comme de la peste. Je ne moufte pas quand on me

851 1800 1859 106 laisse avec elle. Qu’elle pense ce qu’elle veut si ça

851 1906 1854 105 peut lui faire plaisir, je m’en branle. Elle s’appelle

847 2004 1860 96 Christine, cette pintade, et se croit la belle des belles.

849 2116 1863 98 La chose qu’elle a pour elle, ce sont ses jambes et

849 2219 1861 89 son cul pas mal, solide et haut placé, un cul de

847 2320 1863 103 négresse. C’est difficile à trouver ça, il paraît. Pour

849 2427 1863 99 le reste, c’est une nordique merdique. Elle est

847 2530 1858 101 blonde, la tronche comme un cul, toute rouge, les

854 2638 1846 96 yeux bleus minuscules bordés de couenne, les cils

849 2741 1854 96 ridicules, roses comme des soies de cochon, le

856 2851 1849 88 groin qui va avec, un avaloir immense, “une bouche

854 2949 1842 103 pour faire des pipes“, dit Albert Barat, et des méga¬

854 3052 1233 103 nichons qui débordent de partout.

933 3157 1763 103 Le Bébert, qui se croit malin, essaie toujours de

854 3255 1851 103 les toucher. À tous les coups, cette vicieuse le voit

858 3363 1845 107 venir, elle le laisse palper et le fait marron en lui

851 3466 1845 110 flanquant une super-volée. En douce, parce qu’ils

851 3569 1849 112 n’ont pas le droit de nous taper. Barat, lui, ça le fait

851 3749 85 89 78
