2977 4210
610 460 1814 87 Clotaire n’a pas moufté. Ils ont roulé en silence.

521 561 1227 105 Après un temps, Rémi a ajouté:

674 666 1750 98 — Ce qui me plaisait en toi, c’est le côté black.

608 771 1816 99 Clotaire n’a pas répondu. Rémi l’a regardé et,

524 877 1261 100 après un nouveau temps, il a dit :

664 977 1213 103 — Un sacré plan, tout de même.

610 1085 614 100 Pas de réponse.

627 1188 1790 100 — On est des potes et on n’a plus rien à se dire.

606 1291 1214 98 Cette fois, Clotaire a acquiescé.

634 1396 1434 100 — C’est ça, on n’a plus rien à se dire.

606 1712 1816 86 Rémi avait émis un chèque en bois. La jeep

510 1810 1907 100 dansait le shimmy; elle brinquebalait sur l’auto¬

510 1915 1914 96 route, vibrait de partout. Vu son état, elle roulait

510 2020 1907 103 beaucoup trop vite mais Clotaire s’était gardé de

510 2126 1909 88 toute réflexion et ils étaient revenus à toute allure

510 2233 1912 87 comme s’ils fuyaient quelque chose, un crime, un

507 2334 1905 100 meurtre, une lâcheté, une petite honte qui s’oublie¬

510 2444 334 89 rait vite.

599 2540 1816 91 Ils s’étaient arrêtés à une station-service et, accou¬

507 2649 1903 92 dés au comptoir, ils avaient mangé sur le pouce,

507 2750 1905 89 Ssans mot dire. Adieu l’océan, les gueuletons et les

507 2851 1905 107 petites Anglaises. Adieu, les fruits de mer. Juste un

507 2961 1905 86 sandwich vite fait dans un routier, en silence. Ils

505 3063 1907 96 mastiquaient, entourés de chauffeurs, dans un

510 3169 1902 86 brouhaha d’histoires de cul, de fric et de denrées

507 3272 1903 103 pourrissantes Et puis, de nouveau, ils étaient sur la

510 3382 1622 86 route. Rémi avait remis ses lunettes noires.

596 3470 319 96 Il a dit:

629 3580 644 106 — Tu sais quoi?

2286 3779 124 80 271
