2977 4210
727 561 1341 105 Elle écarquille les yeux. J’en rajoute:

814 460 1708 106 Je l’ai tutoyée, je m’étais juré de jamais le faire.

812 666 1118 98 — Bien sûr, tu as un type, toi!

870 771 1219 94 — Pourquoi n’en aurais-je pas un ?

802 865 927 89 Elle a dit ça du tac au tac.

812 968 1713 96 – Je te charriais !... Alors, c’est ton mec? j’en¬

716 1073 573 84 chaîne mauvais.

793 1164 1736 96 Elle bouche le téléphone et me mate de plus en

711 1274 1818 103 plus surprise; mais je sais qu’elle ne l’est pas tant

720 1386 260 99 que ça.

875 1475 1491 106 — Tu sais ce que j’en fais de ton guignol?

826 1574 1516 110 “Je te rappelle“, elle lui dit dans l’appareil.

795 1681 960 87 Elle raccroche doucement.

882 1782 775 100 —Adieu Rémi, je fais.

795 1885 1323 89 Elle hoche la tête, l’air interrogateur.

844 1990 1683 100 – Tiens, j’ajoute, voilà ce que j’en fais de ce

709 2083 213 108 pédé.

788 2193 1734 99 Je mime un violent coup de reins que je répète.

704 2294 1814 101 Elle ne peut pas se tromper sur mon geste. Pour¬

709 2399 1813 87 tant elle bat des cils comme si elle était complice.

833 2500 1238 100 — On peut parler de ça, si tu veux.

784 2598 1226 91 C’est tout ce qu’elle trouve à dire.

779 2699 1746 95 Alors, on a parlé. De quoi? D’elle, de son enfoiré

699 2811 1828 84 de type, de moi, du monde et de ses névroses. On

699 2909 1828 103 a parlé. Mettons. On a tchatché longtemps. Jusqu’à

695 3012 1827 105 plus soif. Elle m’a tué, cette stupide. Je lui ai peut-

695 3120 1834 88 être fait du bien, mais je l’ai tuée, elle aussi. Elle a

692 3222 1830 101 peut-être réussi à se débarrasser de moi en me

695 3323 1830 94 vendant son histoire de curé breton, elle a fait fort

683 3431 1837 93 avec les abeilles, mais elle n’a pas réussi à me baiser.
