2977 4210
571 378 1767 94 La psy sortit ses boîtes à malices. La gamine fut

482 477 1849 103 saisie d’effroi. Manier les formes géométriques,

479 584 1849 91 les puzzles et les cubes était bien au-dessus de ses

479 687 1852 94 capacités. Son regard incolore ne cessait de fuir

479 788 1852 107 celui de l’Antillaise pour se réfugier dans la lumière

486 895 1845 103 glauque de l’aquarium. Drôle de chair fraîche,

484 1001 1847 102 pensa Luna, de la chair fraîche avec des yeux de

491 1110 541 99 poisson mort.

607 1196 758 116 — Tu aimes l’eau?

571 1309 1336 108 Une mine effarée et pas de réponse.

636 1419 1112 103 — Tu aimes jouer avec l’eau?

580 1527 920 100 — Maman ne veut pas.

624 1623 1685 110 — Et si, moi, je t’autorise à le faire? dit la psy

482 1735 863 89 d’une voix très douce.

571 1836 636 95 Jessica s’entêta.

573 1943 924 103 — Maman ne veut pas.

589 2044 1725 107 — Et moi je dis qu’ici, si tu veux, tu peux le faire.

568 2151 1758 106 La gamine ne répondit pas; elle semblait prête à

472 2261 1854 89 éclater en sanglots. Luna se dirigea sournoisement

482 2364 1842 91 vers l’évier où nageaient des bateaux et des animaux

472 2467 1849 94 multicolores. Elle remplit une bassine de plastique

470 2575 1847 96 rouge au robinet et la déversa dans un autre conte¬

470 2673 1851 96 nant. Jessica dévorait la scène des yeux. Bientôt elle

470 2778 1854 110 n’y tint plus, elle courut à l’aquarium, y pêcha avec

472 2888 1852 91 un bol des poissons rouges et, sans qu’un mot ne soit

472 2989 1845 107 prononcé, les déversa dans la bassine rouge. La

472 3092 1840 98 seule chose qui l’intéressait était de manipuler l’eau.

566 3407 1741 96 Plus tard, quand, mouillée comme un barbet,

472 3510 1837 103 Luna eut tout épongé et s’était retrouvée seule, elle

2218 3690 94 99 43
