2977 4210
503 465 1881 93 interlocuteur et “tous les sottisieux, les ceusses-là

505 568 1879 89 de grands bêtisieux, de bon Dieu de journaleux qui

505 668 1879 89 trafiquiont avec le diable”. Invoquant le Christ et le

505 767 1872 93 saint tabernacle, il manda “cestuy-là de farfouil¬

505 877 1884 95 leux de s’occuper que de son darrière” et conclut

503 977 1874 87 hors caméra en joignant à sa mise en demeure des

510 1075 1870 92 voies de faits sur la personne du grand fouille-merde.

594 1181 1783 98 En France, sur une chaîne de télévision privée,

507 1288 1873 98 la productrice du tristement célèbre Coupables

498 1389 1879 98 non identifiés, se prévalant des requêtes des familles

503 1496 1879 87 de la vingtaine d’enfants disparus du bateau avec

503 1604 1879 96 le prêtre qui les accompagnait, fit un numéro spécial

503 1705 1879 84 en coproduction avec Retrouvailles, sœur jumelle

503 1800 1877 92 de l’émission précédente. Son Vaisseau des morts

500 1903 1877 92 qui décryptait à sa façon le “mystère des enfants

507 2009 1870 91 perdus” eut trois diffusions dans la même semaine.

505 2114 1877 96 Le show rapporta d’énormes parts de marché et fit

500 2212 1877 89 sauter l’audimat; il fut aussitôt vendu à une chaîne

507 2317 1093 99 généraliste du service public.

589 2416 1784 100 Le Jack Laguiole, dit le Magnifique, alias le Gros,

498 2518 1868 103 également surnommé “la honte de l’Auvergne”,

505 2619 1868 105 s’y était illustré dans une de ses présentations lar¬

498 2729 1882 89 moyantes dont il avait le secret en l’assortissant de

500 2834 1882 98 témoignages en live de parents de disparus. Quant

498 2937 1884 96 au docudrama malhonnête qui accompagnait cet

496 3035 1884 92 effroyable exercice de style, la chaîne avait raffiné

496 3141 1884 93 en louant au prix fort à l’Association chrétienne

498 3239 1879 91 des amis de l’enfance la Sainte-Pélagie, ancien

498 3346 1877 96 terre-neuvas frété par l’organisation caritative pour

498 3449 1879 101 recycler les petits criminels et autres enfants à

500 3552 426 106 problèmes.

2300 3728 61 93 19
