2977 4210
858 460 1454 89 Elle fronce les sourcils et le dévisage.

868 568 1362 96 – Qu’est-ce qu’il a, mon sourire?

870 673 1823 96 – Je Viens de vous le dire. Ça n’est pas un sou¬

760 778 1931 87 rire franc, c’est une grimace, un rictus. Des sima¬

772 881 1921 103 grées de pucelle catho qui veut séduire sans risquer

769 991 321 84 Son cul.

856 1089 850 99 Luna rit de bon cœur.

868 1192 1821 103 – Mais je n’ai rien de catholique, proteste-t-elle.

908 1298 1767 100 — C’est la première fois qu’on vous dit ça?

870 1405 1826 98 — Non. Certains profs disaient que j’avais la

762 1510 941 96 bouche en cul-de-poule.

854 1613 728 89 Clotaire se déride.

922 1714 1125 103 — Des mâles, probablement?

849 1824 1835 103 Luna acquiesce, elle ne paraît qu’à moitié sur¬

760 1929 1926 105 prise mais elle demande pourquoi. Clotaire explique:

868 2034 1818 99 — C'était parce qu’ils voulaient mordre vos

760 2137 1926 101 lèvres... A douze ans, vous deviez déjà les faire

760 2254 335 91 craquer.

849 2348 981 89 Elle en convient en riant.

865 2444 1812 110 — Là, fait Clotaire, là, cette baboue! Regardez-

765 2561 1907 95 vous ! Qu’est-ce que vous êtes en train de fabriquer?

905 2661 604 98 – Je minaude?

849 2769 1826 103 Le garçon approuve d’un battement de paupières

758 2872 810 91 et Luna fait la moue.

863 2975 1643 100 – Vous en êtes consciente? demande-t-il.

856 3073 433 105 — Hélas !

851 3180 1821 106 – Mais vous continuez de sourire de la même

760 3293 377 89 manière!

856 3393 1812 108 – Il faut bien. Je me déteste quand je me sens

760 3510 304 80 Sourire.

868 3608 1193 103 — Alors, faites quelque chose.

748 3786 146 89 250
