2977 4210
496 421 1909 98 gamin à l’institution. Depuis, il n’y a eu que ce coup

489 516 1923 89 de téléphone d’un nommé Montdésir au moment

493 619 1917 85 où l’on a découvert le navire fantôme qui dérivait

493 713 1299 89 au large des îles de la Madeleine.

589 809 1814 93 Montdésir s’est fait reconnaître. “Je suis Clo¬

486 909 1915 103 taire, l’ami de Rémi.” Il refusait de penser que Topi¬

484 1012 1921 94 neau ait pu se balancer à la flotte. Il s’est excusé:

486 1115 1922 101 il était sans nouvelles de Rémi et il appelait pour

482 1218 1923 98 retrouver la trace de son copain. Luna lui a appris

484 1319 1924 91 que Rémi et elle avaient rompu dès son retour de

482 1417 1928 96 Bretagne. Elle ignorait où il était passé. Elle aussi

479 1517 1929 110 estimait que Philippe n’avait pu se suicider. Clo¬

482 1625 1933 91 taire a laissé un numéro en banlieue. “Si vous avez

491 1730 1919 108 vent de Rémi”, a-t-il expliqué. La psy a promis de

482 1833 1514 105 rappeler dès qu’elle aurait du nouveau.

578 1936 1832 96 D’après l’indicatif, Clotaire n’habite pas très

482 2041 1930 94 loin du Vert-Paradis. Luna hésite un court instant

482 2151 1928 106 puis compose son numéro. Une voix de femme

479 2257 1931 100 nantie d’un accent créole de fantaisie lui répond

484 2366 821 89 sur fond de maracas.

593 2466 1811 102 “Vous êtes en communication avec le nègue

480 2571 1510 105 automatique de Clotaire Montdésir...”

566 2685 1828 98 Luna laisse se dérouler un interminable mes¬

479 2801 1926 103 sage qui révèle un goût douteux du panache et

475 2907 1923 107 demande qu’on la rappelle le plus vite possible.

472 3012 1926 112 Elle rappelle le numéro de l’institut et ajoute son

472 3131 740 101 numéro personnel.

582 3230 1812 112 — N’hésitez pas à me déranger. Même tard. Je

470 3356 672 100 compte sur vous.
