2977 4210
599 437 1757 103 — Il ny aura pas une bosse. D’abord, c’est Clo¬

498 540 1861 105 taire qui conduira. Pierre-Henry il a dit: OK si c’est

498 640 1446 106 Cloclo qui conduit. Là, tu es rassurée?

592 748 1750 101 – La chargez pas trop. À cause des amortis¬

503 856 288 81 seurs...

671 951 679 103 —C’est pas grave.

580 1047 1762 99 Rémi adressa un clin d’œil canaille à son copain.

655 1155 1680 100 — On fera plusieurs voyages, hein, Cloclo?

575 1253 1767 105 Odile avait surpris l’échange de regards. Elle

503 1358 1837 103 vit Clotaire gêné se dandiner d’un pied sur l’autre.

606 1464 1530 100 — Vous n’allez pas faire du tout-terrain?

645 1567 1690 98 — Tu sais bien que le safari c’est pour ton mari!

571 1662 1767 106 Rémi fit un pas en avant pour lui chuchoter à

496 1763 1835 122 l’oreille quelque chose que Clotaire n’entendit pas.

496 1866 533 105 Odile gloussa.

624 1967 1704 100 — Qu’est-ce que t’en dis, hein? enchaîna-t-il en

489 2067 1846 112 élevant un peu le ton. En souvenir du bon vieux

496 2177 313 96 temps...

571 2259 1764 107 Il fit un clin d’œil à Clotaire et demanda à la

493 2362 1833 110 jeune femme de lui remettre les clés de la Chero¬

491 2467 1840 89 kee. Odile rentra dans le vestibule prendre son sac

493 2565 1831 108 posé sur une console, y fouilla et sortit un trous¬

491 2663 1844 94 seau de clés qu’elle tendit à Rémi. Il les prit et revint

498 2769 1299 98 vers Clotaire qui n’avait pas bougé.

610 2867 1714 98 – J’ai à causer avec elle, ça ne prendra pas

489 2968 1835 107 longtemps... Toi, tu sors le 4x4 du garage, tu y mets

489 3063 1828 106 la Volks et je te rejoins en deux temps trois mou¬

493 3173 328 82 vements.

564 3258 1291 107 Clotaire prit les clés en rechignant.

615 3375 1699 91 — Evidemment, je me tape encore le sale bou¬

486 3459 445 93 lot! et toi...

564 3559 561 106 Rémi le coupa.

2190 3744 131 82 113
