2977 4210
854 1066 1020 103 À LALUMIÈRE D’HIVER

500 1382 1112 103 Un vrai temps de décembre!

500 1489 1800 89 Luna vient de rentrer chez elle épuisée. Il est à

409 1585 1889 108 peine 13 heures mais l’obscurité tombe très vite et

407 1695 1881 101 un ciel bas pèse sur Paris. Les nuages se sont tas¬

409 1793 1889 94 sés entre la tour Eiffel et l’Arc de Triomphe. À ceux

407 1896 1888 106 du matin déjà noirs se sont ajoutés les nuages du

409 2004 1882 101 soir, encore plus noirs. Il y a à peine cinq minutes,

409 2105 1889 100 on voyait encore le deuxième étage de la Tour et

409 2207 1882 101 le sommet de l’Arc, puis les nuages sont descen¬

409 2315 1889 98 dus et ont caché les poutrelles du premier étage et

407 2416 1886 88 le fronton de l’Arc. Les nuages se sont arrêtés sur

409 2521 1884 89 le Trocadéro. Luna aperçoit encore les platanes des

409 2621 1879 106 jardins sous l’esplanade et les ombres des passants

407 2727 1771 100 qui se hâtent. La neige ne va pas tarder à tomber.

493 2827 1795 94 Il régnait la même pénombre sur les marron¬

404 2930 1884 94 niers du parc du Vert-Paradis ce matin d’avril der¬

404 3038 1891 100 nier, lorsque le jardinier avait forcé la porte de son

404 3138 1884 94 bureau et s’était approché de sa démarche claudi¬

400 3244 1881 105 cante. La psy se souvient de sa figure décompo¬

404 3346 1891 94 sée. Les étranges funérailles s’étaient déroulées la

400 3452 1893 105 nuit précédente et Zéphyrin, qui en était encore tout

402 3559 1507 92 retourné, avait tenu à lui parler en privé.

2192 3742 92 86 67
