2977 4210
739 460 1929 89 C’est un joli nom... Dites donc, c’est une belle

926 350 1737 106 — Je sais, il a dit la voix pâteuse. Magali.

734 575 274 75 noce !

828 668 1217 92 La mariée a haussé les épaules.

734 884 1529 100 Comme ça, on divise pas le patrimoine.

887 774 1767 103 — Tu parles, Charles! J’épouse mon cousin.

821 984 1840 103 Elle a jeté un regard méprisant au marié qui, la

730 1089 1928 99 bouteille de mousseux à la bouche, buvait une grande

734 1195 1917 103 goulée avant de retomber dans sa torpeur d’ivro¬

739 1305 1074 98 gne. Boule de neige à souri.

835 1400 1519 108 — Vous n’étiez pas obligée d’accepter.

826 1508 1828 101 – Dans ton bled, c’est pas pareil? On se marie

730 1618 1114 101 pas pour les mêmes raisons?

819 1716 1837 108 Le Black a inspiré profondément. Il a regardé la

723 1826 1931 101 mariée, puis Fromage blanc qui dansait en collant

725 1934 1929 86 la dénommée Lucette contre lui, et ses veux sont

727 2039 1927 87 revenus sur la mariée. Il y est allé de ses violons et

723 2137 1924 103 il n’a pas fait dans la dentelle, le salopiaud! Il lui

727 2268 1917 80 a servi un super-plan exotique, beau comme une

725 2343 714 110 pub du Club Med.

879 2458 1756 100 — Tu sais, ma jolie, chez nous c’est le soleil,

720 2561 1919 91 la douceur, la moiteur. On vit à poil... Les filles

723 2666 1907 103 sont belles... On se baigne, on fait griller un pois¬

725 2778 1505 84 Son, des fois une langouste et le reste...

809 2881 1819 98 Alors, il prend une mine alanguie et, sans ver¬

730 2984 1481 96 gogne, a fait donner tout son orchestre.

865 3089 1760 98 — Le reste, on s’en fout, il dit. On n’a qu’une vie,

716 3192 1235 103 qu’en penses-tu, belle épousée?

802 3297 1823 103 Elle lui a lancé un long regard et l’a écouté,

718 3405 1912 98 songeuse, fort loin de cette noce et il lui a tendu la

713 3520 237 81 main.

704 3688 143 101 204
