2977 4210
580 390 1870 101 Le comportement du pandore change du tout au

482 491 699 100 lout. Il demande :

606 596 1682 110 — Les papiers du véhicule, s’il vous plaît!

573 704 737 91 Puis il toise Rémi.

662 816 1189 103 — Qu’est-ce qu’il y à derrière?

568 916 1868 108 Le Fromage tente d’ouvrir le hayon arrière,

477 1033 1964 106 mais l’opération est impossible parce que le 4x4

477 1143 1959 98 st couché sur le flanc. Le gradé jette un coup

470 1246 1966 103 d’œil dégoûté à mes deux grosses valises puis

475 1356 1966 89 1etourne vers l’avant, où Boule de neige, fouillant

470 1464 1968 103 dans le bric-à-brac répandu, cherche les papiers du

477 1569 370 100 véhicule.

561 1679 1877 91 Le gendarme s’impatiente. Le Black s’énerve et

472 1800 192 80 jurc.

575 1896 1856 106 — Rémi! Les putains de papiers, où est-ce que

463 2004 1540 98 1u les as mis? Je ne retrouve plus rien !

554 2107 1870 93 Fromage blanc se penche à son tour à l’intérieur

461 2214 1966 103 du véhicule et se met à fourrager dans le bordel.

549 2327 1875 103 Deux autres guignols viennent rejoindre le gradé

456 2439 1968 94 ct la camionnette, quittant son stationnement,

463 2547 1961 98 Vient se garer un peu plus haut sur le remblai de

458 2654 337 84 là route.

575 2757 1622 103 — Donnez toujours les vôtres de papiers.

542 2865 1877 91 Le Cul blanc tend son permis de conduire, et Cul

449 2975 1966 100 noir le sien. Le poultock regarde le nègre, sans

449 3084 1039 101 Inême prendre les papiers.

582 3185 740 105 — Carte de séjour.

538 3297 1547 101 Cloclo se marre; le perdreau s’énerve:

615 3403 1081 102 — Vous êtes français, vous?

538 3513 1322 100 Boule de neige garde son sourire.

549 3615 1372 108 — Eh oui, de la belle Guadeloupe.

2274 3812 134 82 239
