2977 4210
643 530 1915 92 la paix... Qu’on oublie toutes les conneries et

781 428 1774 102 — Bon bon, il fait, je propose qu’on fasse tous

643 629 763 103 qu’on aille bouffer.

727 736 1236 96 Je l’interromps avec un hourra.

739 834 1809 106 — Ouais, d’accord! On fait la fête! Je vous

634 944 1125 106 ferai plus chier! Allez, zou!

718 1050 1826 105 Je saute dans la caisse, repousse du pied le cro¬

624 1160 1913 100 chet sous le siège avant et m’assieds bien sage¬

624 1270 1915 93 ment, dos à la banquette, les mains sur les genoux,

622 1372 1922 89 regardant droit devant moi. Ils n’en reviennent

627 1473 1914 115 pas, ces pédés. Je les entends pendant qu’ils font

624 1585 796 87 le tour de la voiture.

711 1688 651 103 Boule de neige:

777 1796 1748 103 — Bravo! T’es le champion des changements

613 1896 582 106 d’alliance, toi.

702 2011 1827 91 Blanc-bec, en lui flanquant une bonne tape sur

615 2109 377 112 l’épaule:

774 2219 1748 110 — Allons, je suis pour la paix des ménages, moi!

697 2327 1825 107 C’est lui qui prend le volant. Il se retourne vers

603 2437 206 91 moi.

751 2547 1762 100 – Au prochain restoroute, on becte, d’ac¬

599 2649 264 106 cord?

688 2755 622 100 Et il a démarré.

676 3092 1844 93 On a roulé à fond la caisse jusqu’à Laval et on

582 3201 1933 110 s’est arrêtés quelques kilomètres après, au premier

580 3321 440 86 restoroute.

669 3421 1846 115 C’était une espèce de cafeteria logée sur le pont

582 3541 1933 102 autoroutier qui surplombe les voies. Il y avait là

582 3651 1929 109 les conducteurs habituels, pressés, qui avalaient vite

582 3840 129 103 154
