2977 4210
1139 970 761 87 MAUX D’ENFANT

952 1075 1145 87 SoUVENIRS D’EN FRANCE

1558 1382 911 105 K7n°7-face A (suite)

564 1595 1902 93 Inutile de dire qu’un chien si on lui casse une patte,

559 1695 1914 103 il souffre. Et peut-être davantage que nous. J’ai dit

559 1800 1910 101 ça pour baratiner. J’ai toujours été incapable de

559 1906 1156 91 faire du mal à un animal, moi.

648 2006 1814 106 J’ai bien vu qu’il était mal en point, ce clebs. Ses

554 2114 1908 103 poils, je n’ai pas eu besoin de les arracher. Dès que

564 2219 1898 105 l’ai voulu le caresser, ils sont partis par poignées.

552 2322 1910 103 Ce geste de lui sarcler la couenne, je l’ai fait que

552 2425 1900 101 pour la galerie. Il était au bout du rouleau, ce bes¬

549 2533 1910 98 tiau. Cancer de la peau. C’est de ça qu’était parti le

545 2635 1891 101 chien de ma grand-mère. Il n’en avait plus pour long¬

549 2736 1908 103 temps avant de dégager, le Maximax. J’ai évité à la

549 2841 1304 103 pauvre bête d’en baver davantage.

638 2947 1814 93 C’est Alberte qui, en tuant un lapin devant moi,

542 3049 1908 92 m’a indiqué sans le savoir comment faire. Une man¬

542 3150 1906 94 chette sec, derrière les oreilles, le coup du père Fran¬

545 3258 1907 98 çois, quoi. Il n’a pas souffert, le clébard. Sa pendaison

545 3363 1905 103 après, c’était pour le panache: puisqu’il paraît que

547 3473 1896 96 je suis un méchant, un pervers, un vrai mauvais,

545 3573 1898 110 faut assurer Après, ça a été son tour, à la connasse.

2317 3749 131 89 273
