2977 4210
475 413 1872 85 charnues, languissait dans son coin. Elle se rat¬

477 516 1877 87 11apait sur la chantilly sans un regard vers son

475 622 1879 96 jules, un petit rouquin plat comme un hareng, la

477 725 1872 93 moustache en brosse à dents, qui disputait une

475 823 1867 100 Diartie de bras de fer avec un gros mec violacé par¬

472 923 1882 103 sumé au beaujolais. C’était le maire du bled

472 1026 1875 103 JDrobablement, vu le bide sanglé d’une écharpe

470 1132 1879 95 bleu-blanc-rouge qui ressemblait à une bouée. Le

470 1237 1877 98 Dustron me faisait penser à une poupée gonflable

470 1344 1875 85 iInaousse. J’imaginais ce qui se passerait si ce balèze

468 1445 1879 98 cclatait. Un gros comme ça, ce n’est pas gonflé à

468 1543 1877 101 l’hydrogène; à l’intérieur, il doit y en avoir une

468 1644 1874 100 Sacrée ventrée de tripaille! Tout le monde conchié

463 1749 1877 101 de débris de drapeau, de gras-double et d’autre

465 1854 1194 98 boyauderie. Ça serait trop beau!

601 1952 1737 101 – Ho! Les Chouans, criaient les trois pochards,

465 2060 1156 87 On vous ramène des Parisiens!

552 2161 1552 91 Les autres soiffards braillaient en chœur:

566 2261 1102 98 — Parisien, téte de chien!...

547 2366 927 99 Parigot, tête de veau!...

545 2469 1786 94 Fromage blanc et Boule de neige ne savaient trop

454 2575 1874 98 quelle contenance prendre lorsque le marié, aban¬

454 2678 1874 84 donnant son bras de fer, est venu à leur rencontre.

456 2780 976 99 Il était complètement paf.

559 2876 1765 103 — 7'êtes mes invités! Y a plus de Chouans, plus

449 2982 1870 100 de bleus, plus de blancs!... On est tous en répu¬

449 3087 1875 100 blique, tous égaux et on rigole! Allez, venez boire

449 3194 365 94 un coup !

533 3286 1784 96 Je les ai suivis à l’intérieur en me faufilant der¬

442 3393 1875 89 rière les invités. Le marié a entraîné mes gardes-

444 3498 1873 92 chiourme au buffet. Il leur à versé à chacun un

2190 3688 127 77 201
