2977 4210
496 465 1881 98 commencer à penser que le pire est toujours le

500 563 546 96 plus probable.

608 666 1760 87 — Hé, les Parisiens, crie le son̂lard, venez trin¬

493 769 1049 87 quer à la santé de la mariée.

578 867 1797 103 Le clocher de l’église sonne deux coups. Deux

489 972 1881 87 Ieures du matin. On est tombés sur la fin d’une

489 1075 1884 108 In0ce de campagne. Le Fromage blanc se détend, il

491 1178 1877 101 jette un coup d’œil à Boule de neige et lui sourit.

489 1281 1874 91 Sa tronche de canard ahuri est complètement allu¬

489 1389 201 84 mée.

596 1485 1767 100 — Tu sais quoi? il dit à mi-voix. Tu sais quoi,

484 1592 1575 99 la foule, y a rien de tel pour se planquer...

568 1686 1793 96 Le Black l’a regardé d’un drôle d’air. Il devait se

482 1800 1884 85 demander si son pote était devenu fou ou faisait

486 1899 1873 86 semblant. Comme s’il l’avait deviné, Fromage

482 2009 1877 93 blanc lui sourit en reprenant sa joyeuse figure

482 2107 330 84 d’avant.

575 2203 1788 105 – Allez, Cloclo. On va faire la noce, ça peut

482 2313 826 98 pas nous faire de mal.

568 2413 1791 87 Boule de neige amusé fait oui avec sa tête. Le

475 2516 1884 98 Canard dépasse la place du village, il contourne

477 2619 1872 101 l’auberge et gare la Cherokee contre une grange

472 2724 1875 99 Ouverte sur la campagne. Mes anges gardiens des¬

470 2839 1882 84 cendent et se retournent pour voir ce que je fais. Je

472 2932 1877 82 ne bouge pas et mate seulement à travers mes cils.

472 3033 1875 101 Ils peuvent penser que je suis complètement assom¬

470 3134 1875 86 mé et dors comme un loir. Rassurés, ils me lais-

470 3244 1877 79 Sent peinard dans la caisse et retrouvent les trois

470 3342 1729 89 cuitards qui les entraînent. Je ferme mes yeux.

2228 3725 107 92 199
