2977 4210
1074 858 1081 107 À LA LUMIÈRE D’HIVER

627 1204 1968 108 Clotaire n’avait pas tort, Philippe avait été une

627 1316 1966 96 calamité pour l’institution. Luna n’avait pu aller

627 1424 1963 98 au bout de la première cassette. L’écoute avait été

627 1541 1963 103 interrompue par deux heurts discrets à la porte.

624 1646 1966 103 Luna avait dit d’entrer puis, se souvenant qu’elle

624 1754 1966 96 avait tourné la clé dans la serrure, elle s’était levée

624 1859 1133 112 pour ouvrir. C’était Mélanie.

723 1961 1867 115 – Luna, je vous ai parlé de Jessica... Jessica

627 2081 1959 91 voici Luna. Une blonde et une brune, je suis sûre

622 2191 1767 91 que vous allez vous entendre toutes les deux.

709 2299 1874 100 La psy se trouvait devant son nouveau patient, une

620 2404 1970 107 pâle gamine aux cheveux de lin dont les yeux d’un

620 2507 1966 110 gris-bleu délavé s’étaient fixés sur l’aquarium posé

622 2626 1961 101 sur la cheminée où nageaient des poissons rouges.

779 2729 1402 103 – Allez, mes enfants, je vous laisse.

704 2839 1884 100 Luna referma la chemise contenant tout ce qui

615 2942 1208 114 avait trait à Philippe Topineau.

712 3045 1225 105 – Tu aimes dessiner, Jessica?

699 3162 1887 103 En la regardant par en dessous, la gamine avoua

603 3274 1154 110 qu’elle n’aimait pas dessiner.

767 3377 564 112 — Et chanter?

699 3496 1472 112 Jessica n'aimait pas non plus chanter.

601 3693 105 107 42
