2977 4210
475 484 1860 107 tellement rigoler qu’il en bave. À croire qu’il aime

477 584 1856 101 ça, les gnons. Il ne se décourage jamais. ”Cette

482 685 1851 107 grosse salope, elle aime la bite, il dit, sûr qu’elle

477 792 1856 101 aime que la bite. Un jour, tu verras, je vais la lui

475 893 1856 105 mettre bien profond.“ Il n’est pas méchant, Albert.

479 996 1852 103 Seulement un peu obsédé; il ne s’attaque qu’aux

479 1099 1849 103 adultes: ce n’est pas lui qui aurait enfilé la pauvre

489 1202 1104 98 Yolaine —ma main à couper !

557 1300 1778 112 Quand l’infirmière a rappliqué j’ai cessé de

477 1403 1863 110 brailler. Elle a jeté à Luna un regard triomphant

477 1513 1858 105 pour montrer qu’elle sait y faire avec moi. Mais ma

482 1611 1853 112 psy n’y fait pas gaffe, elle semble avoir autre chose

477 1726 1863 84 en chantier. Je sais que c’est son amoureux, un

477 1821 1858 103 moins que rien qui lui prend la tête et la fait tour¬

479 1929 1468 101 ner en bourrique, à ce que j’ai compris.

603 2027 1737 101 — Pourquoi braillais-tu comme ça? demande

479 2126 384 102 Christine.

568 2233 1770 98 Je hausse les épaules. Cette pintade essaie

482 2341 1853 96 bien de me tarabuster pour savoir mais j’ai pris

479 2453 1859 87 des crayons de couleur pour dessiner n’importe

486 2551 211 96 quoi.

638 2645 878 100 — Qu’est-ce que c’est?

648 2745 419 99 — Devine ?

571 2851 1769 105 Elle, je me gratte pas pour la tutoyer. En fait, c’est

484 2956 1851 100 le portrait de Luna que je fais. Un jour pour une

484 3049 1847 99 fête, elle avait déboulé habillée en Black antillaise.

486 3162 1852 89 Elle en jetait. Mon dessin avec les couleurs est assez

484 3265 1201 95 ressemblant et j’en suis content.

601 3360 611 101 — C’est Luna?

711 3461 506 105 — Tu vois pas?

594 3564 953 105 — Elle a le nez plus fort.

2263 3744 56 91 79
