2977 4210
713 580 1870 95 Mais vous n’allez pas lui laisser porter ces valises,

865 474 1714 101 — Alors, comment ça s’est passé, ce voyage?...

711 680 1201 87 elles ont l’air rudement lourdes.

802 785 1781 99 Pour lui apporter un démenti, je les soulève aussitôt.

830 886 1746 98 — Gast! Tu m’as l’air bougrement costaud...

711 984 613 110 Quel âge as-tu7

798 1089 1790 103 C’est Cul blanc qui répond à ma place. Je ne

711 1199 1875 99 cesse de fixer le curé tandis qu’il me palpe comme

711 1300 1243 98 il palperait une bête de concours.

816 1405 564 91 — Douze ans.

891 1503 1699 103 -T’es un grand gaillard pour douze ans. Et

706 1606 695 101 bien bâti avec ça!

795 1712 1791 100 Il me flanque de grandes claques sur les épaules

704 1814 1460 89 en me détaillant d’un regard admiratif.

791 1915 1795 91 Je regarde Cloclo. Encore une fois, je me retrouve

702 2025 1886 96 en phase avec le négro. Tout ça n’est pas réel: eux

699 2123 1887 101 autres à pied, moi qui porte les valises, ce brave

697 2226 1893 98 curé qui sort d’un film d’heroic fantasy, et surtout

697 2331 1889 101 ce môme schtarbé que je suis, ce dingo qui navigue

699 2430 1887 93 là-dedans comme si tout ça était naturel. En fait, je

697 2533 1891 105 suis à la fois visiblement flatté par le discours du

699 2645 1194 96 cureton et intrigué par sa tenue.

786 2734 281 91 Je dis:

802 2837 1779 105 — Moi, j’ai pas besoin d’armure! Les abeilles,

692 2949 950 100 elles me piquent jamais!

786 3047 1802 101 – D’habitude, moi non plus, dit le cureton. Mais

695 3152 1891 99 l’orage, ça les rend folles. Elles avaient échoué dans

695 3260 1888 100 un vieux poirier creux. Il a fallu que je les enfume.

784 3365 601 96 Je suis inquiet:

833 3463 1397 101 — Vous les avez pas tuées au moins?

784 3571 561 87 Le curé sourit.

685 3744 141 89 258
