2977 4210
1252 947 758 89 MAUXD’ENFANT

1060 1052 1151 87 SoUVENIRS D’EN FRANCE

1937 1351 658 108 K7n 7-face B

676 1564 1921 105 Je te disais, Luna, que de les voir partir, ç’a m’avait

676 1669 1910 89 rendu tout chose. C’étaient des traîtres et de sacrés

681 1779 1914 87 tricheurs, mais ils allaient me manquer. Autant

683 1878 1905 103 je déteste l’hypocrisie, autant, surtout quand elle

681 1988 1902 95 S’exerce de façon aussi flagrante, j’aurai toujours

681 2083 1090 101 un faible pour l’imposture...

769 2341 1810 93 Court silence puis, vent, cris de mouettes et siffle¬

678 2451 1908 86 ments, une "ambiance mer’ se fait entendre pendant

678 2556 1894 100 quatre ou cinq minutes; ensuite la voix de Philippe

681 2659 807 89 reprend sur la bande.

769 2909 927 96 Lundi, 16 octobre 1996.

767 3021 1800 103 Ou c’est peut-être bien mardi, mais quelle impor¬

678 3129 1889 93 tance? Pourquoi serait-ce si important de savoir les

678 3232 679 86 mois et les jours?

767 3335 805 86 Surtout là où on est!

774 3435 1795 89 Tu as vu Le Grand Bleu ? Nul, ce film tu me

671 3541 1896 119 diras, n’empêche qu’il a fait rêver pas mal de

669 3718 140 89 284
