2977 4210
456 437 1853 91 Brusquement, il donna un coup de frein, braqua,

454 535 1858 101 franchit un portail métallique que l’on avait oublié de

456 640 1849 101 fermer et engagea le 4x4 sur une route de service.

564 741 1518 105 eQu’est-ce qui te prend? demanda Rémi.

542 842 1760 105 – Ces cons-là ont dû sauter sur leur téléphone.

458 951 1004 101 Alors, au prochain péage...

547 1054 805 99 — Bravo, la parano!

554 1157 1737 96 – Fous-toi de moi encore et je vous plante tous

456 1253 445 94 les deux là!

578 1361 704 100 — Quel caractère!

531 1468 1764 99 Ils traversèrent une espèce de terrain vague,

449 1571 1849 89 réserve de matériel de chantier et sortirent sur une

451 1679 714 96 route de campagne.

526 1770 1774 96 La pluie diminuait d’intensité. Rémi tourna

451 1875 1847 106 légèrement la tête.“On dirait que les calmants font

451 1976 365 91 leur effet.

524 2086 1767 89 Clotaire jeta un coup d’œil dans le rétroviseur.

449 2189 1846 103 Il vit Philippe allongé sur la banquette, les yeux

447 2299 1844 96 clos, et poussa un soupir de soulagement. Le 4x4

447 2399 1837 98 amivait à un croisement. Dans les phares, une pan¬

447 2502 1839 91 carte indiquait sur la droite: SAINT-BONNET, 7 kmn.

444 2605 674 108 Il ne pleuvait plus.

559 2708 1729 93 Je connais un Saint-Bonnet, dit Rémi, dans

442 2811 1842 107 l’Allier... Tu sais ce que c’est un berdin»? (Clo¬

442 2921 1846 100 taire fit non de la tête.) C’est un louf, un taré, un

439 3031 1840 103 crétin, quelqu’un comme notre client quoi!... Là¬

439 3136 1845 96 bas, ils en ont par tombereaux des demeurés. Jadis,

439 3244 1838 102 chaque fois qu’il y en avait un nouveau, on le pré¬

442 3351 1842 91 sentait à saint Bonnet. Il y avait là une grande pierre

435 3452 1849 96 creuse, on lui mettait la tête dedans, au berdin. Et

439 3559 862 99 le saint le déberdinait...

2160 3753 126 87 147
