<?xml version="1.0" encoding="UTF-8"?>
<alto xmlns:xsi="http://www.w3.org/2001/XMLSchema-instance"
      xmlns="http://www.loc.gov/standards/alto/ns-v4#"
      xsi:schemaLocation="http://www.loc.gov/standards/alto/ns-v4# http://www.loc.gov/standards/alto/v4/alto-4-2.xsd">
  <Description>
    <MeasurementUnit>pixel</MeasurementUnit>
    <sourceImageInformation>
      <fileName>page_00114.png</fileName>
      
    </sourceImageInformation>
  </Description>
  
  <Tags>
    <OtherTag ID="BT10605" LABEL="MainZone" DESCRIPTION="block type MainZone"/><OtherTag ID="BT10606" LABEL="NumberingZone" DESCRIPTION="block type NumberingZone"/><OtherTag ID="BT10607" LABEL="RunningTitleZone" DESCRIPTION="block type RunningTitleZone"/><OtherTag ID="BT10608" LABEL="QuireMarksZone" DESCRIPTION="block type QuireMarksZone"/><OtherTag ID="BT10609" LABEL="CustomZone" DESCRIPTION="block type CustomZone"/>
    <OtherTag ID="LT4159" LABEL="DefaultLine" DESCRIPTION="line type DefaultLine"/><OtherTag ID="LT4160" LABEL="HeadingLine" DESCRIPTION="line type HeadingLine"/><OtherTag ID="LT4161" LABEL="default" DESCRIPTION="line type default"/>
  </Tags>
  
  <Layout>
    <Page WIDTH="2977"
          HEIGHT="4210"
          PHYSICAL_IMG_NR="111"
          ID="eSc_dummypage_">
      <PrintSpace HPOS="0"
                  VPOS="0"
                  WIDTH="2977"
                  HEIGHT="4210">
        
        <TextBlock HPOS="641.6490478515625"
                   VPOS="985.8207397460938"
                   WIDTH="1957.5682373046875"
                   HEIGHT="2710.9458618164062"
                   ID="block_0"
                   TAGREFS="BT10605">
          <Shape><Polygon POINTS="641.649 985.821 2599.22 985.821 2599.22 3696.77 641.649 3696.77 641.649 985.821"/></Shape>
          
          
          <TextLine ID="eSc_line_f4e2acbc"
                    TAGREFS="LT4161"
                    BASELINE="1128 1113 2178 1117" 
                    HPOS="1125"
                    VPOS="1026"
                    WIDTH="1053"
                    HEIGHT="108">
            <Shape><Polygon POINTS="1128 1113 1125 1129 2174 1134 2178 1117 2178 1050 2146 1031 2143 1031 2141 1031 1790 1047 1774 1047 1767 1047 1631 1026 1628 1026 1544 1031 1542 1031 1539 1031 1539 1033 1528 1045 1502 1031 1500 1031 1420 1031 1418 1031 1415 1031 1413 1031 1413 1033 1401 1043 1387 1033 1385 1033 1383 1033 1380 1033 1378 1033 1350 1045 1348 1045 1312 1033 1310 1033 1308 1033 1305 1033 1303 1033 1303 1036 1291 1045 1247 1033 1245 1033 1242 1033 1128 1043 1128 1113"/></Shape>
	    <String CONTENT="ALALUMIÈRE D’HIVER"
                    HPOS="1125"
                    VPOS="1026"
                    WIDTH="1053"
                    HEIGHT="108"
                    WC="0.9782489632305346"></String>
          </TextLine>

          
          
          <TextLine ID="eSc_line_56e361df"
                    TAGREFS="LT4161"
                    BASELINE="678 1450 2572 1445" 
                    HPOS="676"
                    VPOS="1370"
                    WIDTH="1896"
                    HEIGHT="108">
            <Shape><Polygon POINTS="2478 1382 2455 1382 2431 1382 2408 1379 2384 1379 2380 1379 2373 1386 2370 1389 2120 1389 2115 1386 2101 1375 2080 1375 2068 1375 2026 1384 2017 1386 2008 1384 1975 1375 1972 1375 1970 1375 1909 1384 1893 1386 1888 1384 1874 1375 1872 1375 1869 1375 1867 1375 1785 1384 1755 1386 1748 1384 1717 1370 1715 1370 1706 1370 1682 1370 1659 1370 1640 1370 1638 1370 1635 1370 1603 1382 1586 1389 1532 1382 1451 1372 1448 1372 1394 1382 1357 1389 1348 1382 1336 1372 1334 1372 1331 1372 1242 1372 1240 1372 1238 1372 1235 1372 1224 1382 1212 1391 1062 1391 1043 1379 1027 1372 1025 1372 922 1372 919 1372 917 1372 915 1372 905 1379 891 1389 676 1379 678 1450 678 1464 1710 1461 1774 1461 2160 1475 2162 1475 2164 1475 2167 1475 2188 1461 2204 1475 2207 1475 2209 1475 2211 1478 2281 1478 2281 1475 2441 1461 2448 1461 2452 1461 2548 1475 2551 1475 2553 1475 2555 1475 2572 1461 2572 1445 2567 1389 2492 1389 2492 1386 2480 1382 2478 1382"/></Shape>
	    <String CONTENT="Luna Murcia-Phœbus n’écoutait plus que d’une"
                    HPOS="676"
                    VPOS="1370"
                    WIDTH="1896"
                    HEIGHT="108"
                    WC="0.9972021910879347"></String>
          </TextLine>

          
          
          <TextLine ID="eSc_line_148ed0fb"
                    TAGREFS="LT4161"
                    BASELINE="678 1557 2567 1557" 
                    HPOS="678"
                    VPOS="1480"
                    WIDTH="1889"
                    HEIGHT="94">
            <Shape><Polygon POINTS="678 1557 678 1571 2565 1574 2567 1557 2567 1503 2436 1503 2401 1480 2398 1480 2396 1480 2317 1480 2314 1480 2312 1480 2309 1480 2281 1501 2141 1501 2080 1480 2078 1480 2075 1480 2073 1480 2071 1480 2043 1503 1820 1503 1628 1480 1626 1480 1624 1480 1582 1501 1511 1480 1509 1480 1507 1480 1504 1480 1502 1480 1476 1499 1376 1485 1373 1485 1371 1485 1369 1485 1352 1499 1163 1501 1121 1480 1118 1480 1001 1480 999 1480 997 1480 945 1501 903 1480 901 1480 826 1480 823 1480 821 1480 779 1503 678 1503 678 1557"/></Shape>
	    <String CONTENT="oreille. Elle à entendu Clotaire se lever. Un pas"
                    HPOS="678"
                    VPOS="1480"
                    WIDTH="1889"
                    HEIGHT="94"
                    WC="0.9934557104110717"></String>
          </TextLine>

          
          
          <TextLine ID="eSc_line_5014a88f"
                    TAGREFS="LT4161"
                    BASELINE="681 1667 2565 1662" 
                    HPOS="678"
                    VPOS="1592"
                    WIDTH="1887"
                    HEIGHT="103">
            <Shape><Polygon POINTS="681 1667 681 1684 1362 1695 1364 1695 1668 1693 1671 1693 1673 1693 1685 1684 1689 1681 1785 1684 2108 1693 2111 1693 2562 1681 2565 1662 2560 1609 2410 1592 2408 1592 2405 1592 2368 1606 2309 1592 2307 1592 2305 1592 2302 1592 2300 1592 2281 1606 2253 1595 2251 1595 2249 1595 2246 1595 2244 1595 2228 1609 1886 1609 1820 1592 1818 1592 1816 1592 1813 1592 1792 1609 1582 1609 1521 1595 1518 1595 1516 1595 1437 1609 1362 1595 1359 1595 1291 1609 1221 1595 1219 1595 1057 1609 882 1595 879 1595 877 1595 844 1611 678 1611 681 1667"/></Shape>
	    <String CONTENT="qui glisse sur le plancher, un froissement de tissu."
                    HPOS="678"
                    VPOS="1592"
                    WIDTH="1887"
                    HEIGHT="103"
                    WC="0.9706341521098063"></String>
          </TextLine>

          
          
          <TextLine ID="eSc_line_be34a79e"
                    TAGREFS="LT4161"
                    BASELINE="678 1775 2567 1775" 
                    HPOS="678"
                    VPOS="1702"
                    WIDTH="1889"
                    HEIGHT="91">
            <Shape><Polygon POINTS="678 1775 678 1793 2567 1793 2567 1775 2567 1714 2548 1702 2546 1702 2544 1702 2541 1702 2422 1716 2389 1702 2387 1702 2384 1702 2321 1714 2216 1702 2214 1702 2211 1702 2160 1716 2101 1702 2099 1702 2097 1702 2094 1702 2092 1702 2073 1719 1851 1719 1757 1702 1755 1702 1752 1702 1750 1702 1729 1719 1591 1719 1523 1702 1521 1702 1418 1716 1350 1702 1348 1702 1345 1702 1343 1702 1324 1719 802 1719 702 1702 699 1702 697 1702 695 1702 678 1712 678 1775"/></Shape>
	    <String CONTENT="Curieux comme dans la nuit le moindre bruit croît"
                    HPOS="678"
                    VPOS="1702"
                    WIDTH="1889"
                    HEIGHT="91"
                    WC="0.9746658945083618"></String>
          </TextLine>

          
          
          <TextLine ID="eSc_line_5baef68a"
                    TAGREFS="LT4161"
                    BASELINE="678 1882 2558 1875" 
                    HPOS="676"
                    VPOS="1805"
                    WIDTH="1882"
                    HEIGHT="96">
            <Shape><Polygon POINTS="678 1882 678 1901 2555 1894 2558 1875 2553 1824 2267 1824 2242 1805 2239 1805 2237 1805 2104 1805 2101 1805 2099 1805 2059 1821 2038 1805 2036 1805 2033 1805 1984 1805 1982 1805 1979 1805 1928 1824 1893 1807 1891 1807 1888 1807 1886 1807 1848 1821 1820 1807 1818 1807 1816 1807 1813 1807 1764 1821 1748 1807 1745 1807 1743 1807 1680 1807 1678 1807 1675 1807 1673 1807 1647 1824 1600 1807 1598 1807 1596 1807 1437 1824 1385 1807 1383 1807 1380 1807 1291 1826 1259 1810 1256 1810 1254 1810 1252 1810 1198 1829 1011 1829 905 1810 903 1810 901 1810 856 1826 676 1829 678 1882"/></Shape>
	    <String CONTENT="en précision et intensité. Il doit s’habiller pense¬"
                    HPOS="676"
                    VPOS="1805"
                    WIDTH="1882"
                    HEIGHT="96"
                    WC="0.9891721992580979"></String>
          </TextLine>

          
          
          <TextLine ID="eSc_line_089903b5"
                    TAGREFS="LT4161"
                    BASELINE="681 1990 2560 1985" 
                    HPOS="678"
                    VPOS="1913"
                    WIDTH="1882"
                    HEIGHT="105">
            <Shape><Polygon POINTS="681 1990 681 2004 905 2018 908 2018 910 2018 912 2018 929 2004 931 2004 1144 2004 1165 2004 1348 2018 1350 2018 1453 2004 1460 2004 1467 2004 1537 2018 1539 2018 1689 2004 1724 2002 2024 2002 2038 2004 2097 2016 2099 2016 2558 2002 2560 1985 2555 1922 2506 1913 2504 1913 2501 1913 2483 1922 2464 1934 2403 1934 2384 1922 2361 1913 2359 1913 2356 1913 2354 1913 2333 1924 2317 1931 2295 1924 2267 1913 2265 1913 2263 1913 2260 1913 2239 1924 2223 1934 2129 1934 2108 1924 2066 1913 2064 1913 2061 1913 2059 1913 2057 1913 2040 1927 2031 1934 1930 1934 1919 1927 1881 1913 1879 1913 1877 1913 1874 1913 1834 1927 1757 1913 1755 1913 1752 1913 1750 1913 1729 1929 1727 1931 1720 1929 1673 1913 1671 1913 1668 1913 1666 1913 1664 1913 1642 1929 1638 1934 1310 1934 1305 1934 1252 1915 1249 1915 1247 1915 1245 1915 1200 1934 1200 1936 1153 1936 1090 1936 961 1915 959 1915 957 1915 898 1934 861 1915 858 1915 795 1915 793 1915 791 1915 734 1934 709 1915 706 1915 704 1915 702 1915 699 1915 697 1915 697 1917 678 1931 681 1990"/></Shape>
	    <String CONTENT="t-elle, il ne sait pas que je l’ai vu dormir à poil."
                    HPOS="678"
                    VPOS="1913"
                    WIDTH="1882"
                    HEIGHT="105"
                    WC="0.9874724970673615"></String>
          </TextLine>

          
          
          <TextLine ID="eSc_line_19992c81"
                    TAGREFS="LT4161"
                    BASELINE="769 2095 2560 2095" 
                    HPOS="769"
                    VPOS="2020"
                    WIDTH="1791"
                    HEIGHT="92">
            <Shape><Polygon POINTS="769 2095 769 2112 2560 2112 2560 2095 2560 2041 2478 2020 2476 2020 2473 2020 2419 2037 2370 2020 2368 2020 2366 2020 2363 2020 2361 2020 2333 2039 2331 2041 1947 2041 1942 2039 1879 2020 1877 2020 1874 2020 1872 2020 1827 2039 1823 2041 1640 2041 1635 2039 1617 2025 1614 2025 1612 2025 1610 2025 1542 2037 1530 2039 1528 2037 1495 2020 1493 2020 1490 2020 1406 2037 1394 2039 1385 2037 1331 2020 1329 2020 1327 2020 1324 2020 1280 2037 1242 2020 1240 2020 1238 2020 1235 2020 1193 2037 1184 2039 1174 2037 1114 2020 1111 2020 1109 2020 1027 2037 1008 2041 943 2041 936 2037 910 2020 908 2020 905 2020 786 2020 784 2020 781 2020 779 2020 769 2027 769 2095"/></Shape>
	    <String CONTENT="Elle arrête la bande et se redresse sur sa chaise."
                    HPOS="769"
                    VPOS="2020"
                    WIDTH="1791"
                    HEIGHT="92"
                    WC="0.9733080104285595"></String>
          </TextLine>

          
          
          <TextLine ID="eSc_line_ee05430b"
                    TAGREFS="LT4161"
                    BASELINE="681 2198 2562 2198" 
                    HPOS="681"
                    VPOS="2128"
                    WIDTH="1881"
                    HEIGHT="103">
            <Shape><Polygon POINTS="681 2198 681 2214 835 2231 837 2231 1015 2217 1048 2231 1050 2231 1053 2231 1181 2217 1699 2217 1825 2231 1827 2231 2560 2214 2562 2198 2562 2147 2525 2128 2522 2128 2520 2128 2518 2128 2452 2144 2403 2128 2401 2128 2342 2128 2340 2128 2338 2128 2335 2128 2312 2144 2309 2144 2178 2142 2068 2142 2043 2128 2040 2128 2038 2128 1961 2142 1935 2147 1832 2147 1825 2140 1813 2130 1811 2130 1809 2130 1806 2130 1767 2140 1741 2147 1413 2147 1303 2135 1219 2128 1217 2128 1214 2128 1212 2128 1205 2135 1188 2147 978 2147 917 2130 898 2128 896 2128 872 2130 786 2144 753 2130 748 2128 746 2128 744 2128 681 2128 681 2198"/></Shape>
	    <String CONTENT="Pas plus que Clotaire ne veut paraître nu, elle n’a"
                    HPOS="681"
                    VPOS="2128"
                    WIDTH="1881"
                    HEIGHT="103"
                    WC="0.982999264047696"></String>
          </TextLine>

          
          
          <TextLine ID="eSc_line_678fd67b"
                    TAGREFS="LT4161"
                    BASELINE="681 2306 1617 2301" 
                    HPOS="678"
                    VPOS="2235"
                    WIDTH="939"
                    HEIGHT="96">
            <Shape><Polygon POINTS="681 2306 681 2320 1366 2320 1502 2331 1504 2331 1600 2329 1603 2329 1605 2329 1605 2327 1617 2315 1617 2301 1614 2250 1603 2238 1603 2235 1600 2235 1598 2235 1596 2235 1406 2250 1317 2235 1315 2235 1013 2252 940 2238 938 2238 936 2238 933 2238 933 2240 919 2252 879 2240 877 2240 875 2240 678 2254 681 2306"/></Shape>
	    <String CONTENT="envie de se montrer paf."
                    HPOS="678"
                    VPOS="2235"
                    WIDTH="939"
                    HEIGHT="96"
                    WC="0.9873771245280901"></String>
          </TextLine>

          
          
          <TextLine ID="eSc_line_4bdd5312"
                    TAGREFS="LT4161"
                    BASELINE="774 2409 2553 2404" 
                    HPOS="772"
                    VPOS="2336"
                    WIDTH="1781"
                    HEIGHT="103">
            <Shape><Polygon POINTS="774 2409 774 2425 1022 2425 1029 2425 1092 2439 1095 2439 1097 2439 1130 2425 1132 2425 1563 2425 1614 2425 1799 2437 1802 2437 1804 2437 1841 2423 1846 2423 1958 2423 1972 2423 2143 2437 2146 2437 2211 2423 2230 2434 2232 2434 2235 2434 2237 2437 2513 2437 2513 2434 2515 2434 2553 2420 2553 2404 2551 2352 2506 2336 2504 2336 2501 2336 2499 2336 2445 2352 2441 2355 2139 2355 1947 2355 1888 2336 1886 2336 1884 2336 1881 2336 1879 2336 1858 2355 1657 2355 1638 2341 1635 2341 1633 2341 1631 2341 1628 2341 1596 2355 1532 2338 1530 2338 1528 2338 1413 2355 1355 2338 1352 2338 1350 2338 1348 2338 1289 2355 1259 2338 1256 2338 1191 2338 1188 2338 1186 2338 1184 2338 1158 2357 1032 2357 1011 2338 1008 2338 1006 2338 1004 2338 877 2350 809 2338 807 2338 805 2338 772 2355 774 2409"/></Shape>
	    <String CONTENT="Avant qu’elle ait eu le temps de ranger son maté¬"
                    HPOS="772"
                    VPOS="2336"
                    WIDTH="1781"
                    HEIGHT="103"
                    WC="0.9938768744468689"></String>
          </TextLine>

          
          
          <TextLine ID="eSc_line_10ea2c16"
                    TAGREFS="LT4161"
                    BASELINE="674 2514 2558 2509" 
                    HPOS="671"
                    VPOS="2441"
                    WIDTH="1887"
                    HEIGHT="92">
            <Shape><Polygon POINTS="674 2514 674 2533 2555 2528 2558 2509 2553 2455 2324 2441 2321 2441 2319 2441 2317 2441 2295 2455 2291 2458 2279 2455 2232 2444 2230 2444 2228 2444 2225 2444 2190 2455 2181 2458 1984 2458 1982 2455 1893 2444 1891 2444 1722 2458 1706 2458 1699 2458 1614 2441 1612 2441 1516 2458 1511 2458 1509 2458 1420 2444 1418 2444 1415 2444 1413 2444 1390 2458 1385 2462 1259 2462 1252 2460 1195 2444 1193 2444 1191 2444 1188 2444 1149 2460 1146 2460 1144 2460 1095 2444 1092 2444 1090 2444 943 2460 936 2460 901 2444 898 2444 784 2444 781 2444 671 2460 674 2514"/></Shape>
	    <String CONTENT="riel, la porte de sa chambre s’entrouvre et, clignant"
                    HPOS="671"
                    VPOS="2441"
                    WIDTH="1887"
                    HEIGHT="92"
                    WC="0.9898316162937092"></String>
          </TextLine>

          
          
          <TextLine ID="eSc_line_5b9cadf8"
                    TAGREFS="LT4161"
                    BASELINE="676 2619 2553 2619" 
                    HPOS="676"
                    VPOS="2549"
                    WIDTH="1877"
                    HEIGHT="98">
            <Shape><Polygon POINTS="676 2619 676 2633 842 2647 844 2647 910 2635 1057 2647 1060 2647 1062 2647 1099 2635 1514 2635 1586 2647 1589 2647 1710 2635 1940 2635 1956 2647 1958 2647 1961 2647 1963 2647 2553 2633 2553 2619 2553 2565 2485 2549 2483 2549 2419 2549 2417 2549 2415 2549 2412 2549 2394 2565 2345 2549 2342 2549 2340 2549 2197 2563 2113 2549 2111 2549 2108 2549 2106 2549 2089 2563 1720 2565 1696 2549 1694 2549 1692 2549 1689 2549 1687 2549 1685 2549 1659 2565 1336 2565 1280 2549 1277 2549 1275 2549 1273 2549 1270 2549 1252 2563 1125 2549 1123 2549 1121 2549 1118 2549 1095 2568 784 2568 716 2549 713 2549 711 2549 709 2549 676 2565 676 2619"/></Shape>
	    <String CONTENT="des yeux, Clotaire surgit en se grattant la tête."
                    HPOS="676"
                    VPOS="2549"
                    WIDTH="1877"
                    HEIGHT="98"
                    WC="0.9866745972633362"></String>
          </TextLine>

          
          
          <TextLine ID="eSc_line_0603c5c6"
                    TAGREFS="LT4161"
                    BASELINE="676 2724 2555 2717" 
                    HPOS="674"
                    VPOS="2647"
                    WIDTH="1881"
                    HEIGHT="103">
            <Shape><Polygon POINTS="676 2724 676 2738 952 2750 954 2750 2553 2734 2555 2717 2553 2663 2525 2647 2522 2647 2520 2647 2518 2647 2515 2647 2471 2666 2326 2666 2305 2652 2302 2652 2300 2652 2298 2652 2295 2652 2293 2652 2277 2666 2242 2666 2153 2666 2150 2663 2118 2647 2115 2647 2113 2647 1930 2663 1893 2666 1872 2663 1806 2652 1804 2652 1701 2661 1659 2666 1647 2661 1614 2649 1612 2649 1558 2649 1556 2649 1554 2649 1551 2649 1535 2661 1530 2666 1523 2661 1502 2649 1500 2649 1497 2649 1495 2649 1460 2661 1451 2663 1437 2661 1378 2649 1376 2649 1373 2649 1371 2649 1355 2661 1345 2668 1273 2668 1245 2661 1224 2654 1221 2654 1219 2654 1217 2654 1214 2654 1205 2661 1193 2668 1181 2659 1174 2654 1172 2654 1170 2654 1167 2654 1165 2654 1146 2659 1118 2668 1097 2659 1085 2654 1083 2654 989 2654 987 2654 985 2654 982 2654 978 2659 964 2668 940 2659 922 2652 919 2652 856 2652 854 2652 851 2652 849 2652 840 2659 823 2668 786 2659 760 2652 758 2652 755 2652 674 2656 676 2724"/></Shape>
	    <String CONTENT="En slip Us et tee-shirt, il vient vers elle, coton noir"
                    HPOS="674"
                    VPOS="2647"
                    WIDTH="1881"
                    HEIGHT="103"
                    WC="0.9951278924942016"></String>
          </TextLine>

          
          
          <TextLine ID="eSc_line_aacb5fdf"
                    TAGREFS="LT4161"
                    BASELINE="678 2830 2553 2823" 
                    HPOS="676"
                    VPOS="2752"
                    WIDTH="1877"
                    HEIGHT="99">
            <Shape><Polygon POINTS="678 2830 678 2844 2532 2851 2534 2851 2537 2851 2539 2851 2553 2839 2553 2823 2548 2771 2417 2757 2415 2757 2412 2757 2410 2757 2396 2769 2373 2752 2370 2752 2368 2752 2366 2752 2363 2752 2317 2769 2099 2752 2097 2752 2094 2752 2064 2769 1909 2773 1869 2773 1848 2755 1846 2755 1844 2755 1841 2755 1839 2755 1837 2755 1816 2769 1696 2755 1694 2755 1692 2755 1657 2773 1549 2773 1514 2755 1511 2755 1509 2755 1390 2766 1317 2755 1315 2755 1312 2755 1310 2755 1310 2757 1289 2773 952 2762 950 2762 889 2773 706 2764 704 2764 702 2764 676 2773 678 2830"/></Shape>
	    <String CONTENT="sur peau noire. Sur le maillot, inscrite en lettres"
                    HPOS="676"
                    VPOS="2752"
                    WIDTH="1877"
                    HEIGHT="99"
                    WC="0.9943508248703152"></String>
          </TextLine>

          
          
          <TextLine ID="eSc_line_71b6ab89"
                    TAGREFS="LT4161"
                    BASELINE="678 2928 2551 2928" 
                    HPOS="678"
                    VPOS="2858"
                    WIDTH="1873"
                    HEIGHT="91">
            <Shape><Polygon POINTS="678 2928 678 2947 2548 2949 2551 2928 2551 2874 2525 2862 2522 2862 2300 2862 2298 2862 2295 2862 2293 2862 2279 2874 2277 2876 2171 2876 2169 2874 2136 2858 2134 2858 2132 2858 2054 2869 2010 2858 2008 2858 2005 2858 2003 2858 1951 2872 1940 2874 1926 2872 1853 2858 1851 2858 1738 2872 1701 2876 1649 2876 1642 2869 1628 2858 1626 2858 1624 2858 1621 2858 1619 2858 1579 2869 1561 2874 678 2865 678 2928"/></Shape>
	    <String CONTENT="blanches comme au pochoir l’inscription: ZAPAIA"
                    HPOS="678"
                    VPOS="2858"
                    WIDTH="1873"
                    HEIGHT="91"
                    WC="0.9966449851685382"></String>
          </TextLine>

          
          
          <TextLine ID="eSc_line_c3740f36"
                    TAGREFS="LT4161"
                    BASELINE="681 3038 1195 3033" 
                    HPOS="678"
                    VPOS="2970"
                    WIDTH="517"
                    HEIGHT="79">
            <Shape><Polygon POINTS="681 3038 681 3049 1193 3047 1195 3033 1188 2970 678 2972 681 3038"/></Shape>
	    <String CONTENT="ESTVIVANT !"
                    HPOS="678"
                    VPOS="2970"
                    WIDTH="517"
                    HEIGHT="79"
                    WC="0.9915382049300454"></String>
          </TextLine>

          
          
          <TextLine ID="eSc_line_9c79c035"
                    TAGREFS="LT4161"
                    BASELINE="868 3134 1755 3136" 
                    HPOS="865"
                    VPOS="3066"
                    WIDTH="890"
                    HEIGHT="100">
            <Shape><Polygon POINTS="868 3134 865 3145 961 3162 964 3162 966 3162 968 3162 982 3150 999 3164 1001 3164 1004 3164 1006 3164 1008 3164 1034 3152 1104 3164 1107 3164 1109 3164 1111 3164 1125 3152 1139 3164 1142 3164 1144 3164 1146 3166 1214 3166 1214 3164 1217 3164 1219 3164 1235 3150 1268 3164 1270 3164 1273 3164 1752 3148 1755 3136 1750 3066 1649 3084 1350 3084 1324 3073 1308 3066 1305 3066 1303 3066 1301 3066 1282 3073 1259 3084 1032 3084 1025 3077 1011 3066 1008 3066 1006 3066 1004 3066 868 3080 868 3134"/></Shape>
	    <String CONTENT="-Vous ne dormez pas?"
                    HPOS="865"
                    VPOS="3066"
                    WIDTH="890"
                    HEIGHT="100"
                    WC="0.9982233107089996"></String>
          </TextLine>

          
          
          <TextLine ID="eSc_line_92418771"
                    TAGREFS="LT4161"
                    BASELINE="765 3244 2548 3239" 
                    HPOS="762"
                    VPOS="3169"
                    WIDTH="1786"
                    HEIGHT="103">
            <Shape><Polygon POINTS="765 3244 765 3260 1444 3260 1530 3272 1532 3272 1535 3272 1537 3272 1554 3260 2195 3269 2197 3269 2300 3258 2373 3269 2375 3269 2377 3269 2405 3258 2417 3269 2419 3269 2422 3269 2424 3272 2522 3272 2522 3269 2525 3269 2527 3269 2548 3255 2548 3239 2541 3169 2450 3187 2387 3187 2359 3169 2356 3169 2354 3169 2352 3169 2349 3169 2347 3169 2307 3187 1694 3187 1671 3176 1659 3169 1657 3169 1654 3169 1621 3176 1563 3187 1483 3176 1444 3171 1441 3171 1415 3176 1371 3187 1338 3178 1319 3171 1317 3171 1315 3171 1312 3171 1291 3178 1259 3190 982 3190 917 3180 830 3171 828 3171 762 3180 765 3244"/></Shape>
	    <String CONTENT="Luna secoue la tête, elle propose un peu de café"
                    HPOS="762"
                    VPOS="3169"
                    WIDTH="1786"
                    HEIGHT="103"
                    WC="0.9894639980793"></String>
          </TextLine>

          
          
          <TextLine ID="eSc_line_21b7e04d"
                    TAGREFS="LT4161"
                    BASELINE="678 3342 2548 3346" 
                    HPOS="676"
                    VPOS="3272"
                    WIDTH="1872"
                    HEIGHT="100">
            <Shape><Polygon POINTS="678 3342 676 3360 685 3370 685 3372 688 3372 690 3372 692 3372 793 3360 1043 3372 1046 3372 1212 3360 1341 3372 1343 3372 2546 3360 2548 3346 2537 3290 2443 3276 2441 3276 2438 3276 2394 3290 2394 3293 2188 3293 2185 3290 2153 3274 2150 3274 2148 3274 2033 3290 2026 3290 2017 3290 1867 3276 1865 3276 1862 3276 1813 3290 1811 3290 1809 3290 1776 3274 1774 3274 1771 3274 1769 3274 1715 3288 1645 3274 1642 3274 1640 3274 1582 3290 1579 3290 1322 3290 1319 3288 1298 3272 1296 3272 1294 3272 1231 3272 1228 3272 1226 3272 1224 3272 1205 3288 1202 3288 1132 3276 1130 3276 1128 3276 1125 3276 1111 3288 1109 3290 901 3290 898 3288 877 3272 875 3272 872 3272 870 3272 678 3286 678 3342"/></Shape>
	    <String CONTENT="qu’il accepte. Il aperçoit le lecteur et les cassettes"
                    HPOS="676"
                    VPOS="3272"
                    WIDTH="1872"
                    HEIGHT="100"
                    WC="0.9729713277383284"></String>
          </TextLine>

          
          
          <TextLine ID="eSc_line_c3636ce4"
                    TAGREFS="LT4161"
                    BASELINE="676 3449 2546 3449" 
                    HPOS="676"
                    VPOS="3377"
                    WIDTH="1870"
                    HEIGHT="105">
            <Shape><Polygon POINTS="676 3449 676 3466 802 3482 805 3482 898 3468 1099 3482 1102 3482 1259 3468 1935 3468 2012 3482 2015 3482 2352 3470 2401 3482 2403 3482 2405 3482 2546 3466 2546 3449 2546 3393 2506 3377 2504 3377 2501 3377 2499 3377 2462 3393 2438 3382 2436 3382 2434 3382 2431 3382 2429 3382 2410 3396 2005 3396 1970 3377 1968 3377 1965 3377 1762 3393 1724 3377 1722 3377 1640 3377 1638 3377 1635 3377 1633 3377 1617 3391 1551 3377 1549 3377 1547 3377 1544 3377 1528 3391 1511 3377 1509 3377 1507 3377 1401 3377 1399 3377 1329 3393 1289 3377 1287 3377 1284 3377 1282 3377 1252 3393 1167 3377 1165 3377 1163 3377 1116 3396 940 3396 879 3377 877 3377 875 3377 872 3377 812 3396 676 3396 676 3449"/></Shape>
	    <String CONTENT="rangées en pile à côté du bloc de la psy couvert de"
                    HPOS="676"
                    VPOS="3377"
                    WIDTH="1870"
                    HEIGHT="105"
                    WC="0.9975743705576117"></String>
          </TextLine>

          
          
          <TextLine ID="eSc_line_b514c997"
                    TAGREFS="LT4161"
                    BASELINE="681 3552 1778 3552" 
                    HPOS="681"
                    VPOS="3484"
                    WIDTH="1097"
                    HEIGHT="96">
            <Shape><Polygon POINTS="681 3552 681 3569 1542 3569 1605 3580 1607 3580 1778 3566 1778 3552 1778 3496 1752 3484 1750 3484 1748 3484 1036 3496 1001 3484 999 3484 997 3484 994 3484 968 3496 861 3484 858 3484 856 3484 854 3484 854 3487 842 3498 681 3498 681 3552"/></Shape>
	    <String CONTENT="son écriture cursive et aiguë."
                    HPOS="681"
                    VPOS="3484"
                    WIDTH="1097"
                    HEIGHT="96"
                    WC="0.9668631609529257"></String>
          </TextLine>

          
          
          <TextLine ID="eSc_line_5d479bdb"
                    TAGREFS="LT4161"
                    BASELINE="826 3646 1556 3653" 
                    HPOS="823"
                    VPOS="3573"
                    WIDTH="733"
                    HEIGHT="108">
            <Shape><Polygon POINTS="826 3646 823 3658 1069 3679 1071 3679 1074 3679 1128 3665 1144 3679 1146 3679 1149 3679 1151 3679 1282 3667 1315 3681 1317 3681 1319 3681 1554 3667 1556 3653 1551 3578 1448 3599 1413 3580 1408 3578 1406 3578 1338 3578 1336 3578 1334 3578 1331 3578 1331 3580 1327 3583 1315 3594 1188 3587 1153 3585 1151 3585 1149 3585 1146 3585 1146 3587 1144 3587 1132 3601 1083 3601 1032 3597 1025 3590 1006 3573 1004 3573 1001 3573 936 3573 933 3573 931 3573 929 3573 929 3576 910 3594 905 3597 826 3597 826 3646"/></Shape>
	    <String CONTENT="— Vous travaillez7"
                    HPOS="823"
                    VPOS="3573"
                    WIDTH="733"
                    HEIGHT="108"
                    WC="0.9808188411924574"></String>
          </TextLine>

          
        </TextBlock>
        
        <TextBlock HPOS="674.40185546875"
                   VPOS="3748.712890625"
                   WIDTH="163.46600341796875"
                   HEIGHT="120.330322265625"
                   ID="block_1"
                   TAGREFS="BT10606">
          <Shape><Polygon POINTS="674.402 3748.71 837.868 3748.71 837.868 3869.04 674.402 3869.04 674.402 3748.71"/></Shape>
          
          
          <TextLine ID="eSc_line_baa10fac"
                    TAGREFS="LT4161"
                    BASELINE="681 3831 823 3826" 
                    HPOS="678"
                    VPOS="3756"
                    WIDTH="145"
                    HEIGHT="100">
            <Shape><Polygon POINTS="681 3831 681 3845 732 3856 734 3856 821 3840 823 3826 819 3767 753 3756 751 3756 678 3770 681 3831"/></Shape>
	    <String CONTENT="126"
                    HPOS="678"
                    VPOS="3756"
                    WIDTH="145"
                    HEIGHT="100"
                    WC="0.9948821465174357"></String>
          </TextLine>

          
        </TextBlock>
        

        
      </PrintSpace>
    </Page>
  </Layout>
</alto>
