2977 4210
634 488 1811 96 Pour ça, je dois me maîtriser, me contrôler, parfois

540 591 1908 98 me calmer et tu sais, Luna, que le sang-froid n’est

545 696 1900 101 pas mon fort. Mais faut pas rêver, ma psy d’amour,

542 802 1903 105 je ne suis pas parti pour devenir adulte. Juste pour

547 907 1896 98 grandir un peu. Car adulte, je ne serai jamais, je

542 1005 616 101 préfère me tuer.

627 1108 1818 101 Maintenant on plonge avec les baleines comme

538 1211 1905 101 les vrais. Comme le bonhomme Cousteau, comme

533 1316 1903 103 Jacques Mayol. On les photographie et on enre¬

538 1419 1900 105 gistre leurs chants. Tu sais que les dauphins sifflent,

533 1527 1901 103 qu’ils ont un langage organisé et des perceptions

528 1630 1906 91 étonnantes, mais tu ignores sûrement que les baleines

528 1733 370 86 chantent.

620 1831 1814 96 C’est pas du charre, Richard, les baleines à bosse

526 1943 1910 87 d’un même océan se répondent avec un chant qui

524 2044 1905 100 change chaque saison. C’est grâce à elles que j’ai

526 2144 1901 108 pu bénéficier du magnétophone, c’est grâce à ces

524 2254 1888 101 cétacés que je peux aujourd’hui te parler, ma psy

521 2355 363 89 d’amour.

610 2661 1809 94 J’ai les cheveux tout décolorés par le soleil et le

521 2776 1896 89 Sel et je suis noir comme un nègre. Avec les monos,

519 2874 1900 101 on est à poil toute la journée. D’abord parce qu’il

519 2979 1896 101 fait chaud et que c’est plus pratique pour plonger.

608 3087 1804 98 Apart ça, ils sont plutôt sympas nos animateurs,

517 3187 1900 101 pas curés pour deux ronds. Mais tout ça pour eux est

514 3290 1905 96 un prétexte. Avec nous, ils vivent au fond ce dont

514 3393 1896 101 ils ont eux-mêmes toujours rêvé, une épopée que

512 3505 1898 89 les mômes n’auraient jamais osé imaginer, genre

517 3601 1888 106 Vivent les vacances, à bas les pénitences, les cahiers

2281 3789 131 79 287
