2977 4210
875 643 1764 96 — C’est comme ça que Rémi vous a présenté les

800 746 917 86 choses? demande Luna.

889 844 1753 100 Clotaire, gêné, acquiesce d’un simple hochement.

908 954 1729 96 — Remarquez que ça ne m’étonne pas, ajoute¬

802 1045 232 89 t-elle.

891 1150 1751 101 Rémi et Philippe ne pouvaient pas se rater, c’est

802 1253 1362 84 ce qu’elle veut faire sentir à Clotaire.

978 1351 1652 87 — Quelle autre filouterie a-t-il inventée ensuite?

889 1454 1105 87 Et Clotaire continue son récit.

905 1553 1727 95 — En tendant à Rémi les clés et les papiers de

802 1651 1833 89 la Coccinelle, Marie-Rosette lui a recommandé de

805 1754 1834 96 faire attention. “Je sais, à dit Rémi qui jouait

802 1852 1828 98 l’homme dont la patience s’épuise. Elle tire à

807 1952 1828 96 gauche, et il faut remettre de l’eau toutes les vingt

805 2048 1825 101 bornes.“ Elle s’est inquiétée: “Vous n’allez pas

805 2147 1825 103 trop loin au moins?“ Il a haussé les épaules: “Un

807 2252 1823 98 petit déménagement en banlieue, j’t’ai dit. On te

805 2350 964 89 la rend lundi, ta merveille.“

884 2458 1741 84 Luna se verse un autre verre; elle imagine très

798 2556 1832 98 bien cette Marie-Rosette qu’elle n’a jamais vue, la

802 2663 1828 85 voit hocher la tête et regarder avec inquiétude sa

800 2764 1818 98 vieille voiture qui s’éloigne en hoquetant, cra¬

791 2862 880 92 chant de la fumée noire.

884 2965 1727 105 – Comment vous avez pris ça, vous Clotaire?

896 3073 1722 98 – Je n’en revenais pas. Une fois monté dans la

788 3176 1828 103 Coccinelle, je lui ai demandé ce que c’était encore

788 3283 1821 89 que cette embrouille. On ne faisait pas un démé¬

788 3407 1823 84 nagement, et puis pourquoi emprunter une caisse

784 3496 1823 108 qui ne peut pas faire vingt bornes à la suite...

786 3676 129 89 100
