2977 4210
980 916 1486 96 COMPTE RENDU PSYCHIATRIQUE

1390 1005 643 94 CONCERNANI

1261 1115 938 96 TOPINEAU PHILIPPE

1633 1400 974 101 En date du 10 octobre 1995

978 1592 1067 101 Topineau Pliilippe, douze ans.

973 1691 1652 102 Enfaut intelligent et précoce. Marche dès l’âge

896 1793 1734 82 d’un an, a trois ans quand sa mère tombe de nou¬

905 1885 1727 103 veau enceinte. Plilippe, qui ne parle pas, semble

905 1985 1730 96 très intrigué par cette grossesse. Il ne cesse de tou¬

908 2079 1734 96 cher le ventre de sa mère. La naissance de sa petite

917 2177 1727 94 sœur paraît le combler. Camille, en avance pour

922 2268 1725 94 son âge, parle très bien dès deux ans et demi. Selon

926 2366 1728 101 ses propres paroles, elle “adore” son frère. Elle est

931 2458 1720 96 d’ailleurs la seule à démêler quelque sens dans les

938 2556 1257 103 rares borborygmes émis par l’enfant.

1022 2654 1636 101 A sept ans, Philippe étant incapable de pro¬

945 2752 1716 94 noncer un mot de façon intelligible, ses parents se

950 2841 1715 106 résignent: ils acceptent l’avis du médecin de

957 2937 1563 105 famille et considèrent leur fils comme autiste.

1043 3038 1627 100 Le diagnostic est infirmé par le pédiatre con¬

961 3131 1716 103 sulté. C’est devant celui-ci que Philippe, épouvanté

966 3232 1711 100 par la taille du praticien qui lui paraît gigan¬

968 3330 1711 98 tesque, sort ses premiers mots: “Va te faire foutre,

971 3421 1708 106 hé, grande saucisse!” Il vient d’avoir huit ans.

978 3601 84 82 32
