2977 4210
369 575 1730 86 qu’ils aient fini d’accoucher du début, je vous fiche

367 666 1734 101 mon billet que le môme pas trop débile a deviné

367 764 1734 85 qu’à la fin les deux calamiteux dont on veut lui

365 860 1736 84 raconter l'histoire vont se marier, être heureux et

369 956 911 91 avoir beaucoup d’enfants.

451 1050 1000 82 Parlons-en des morpions!...

444 1143 1648 94 Je ne supporte pas toutes ces poufiasses qui mar¬

360 1237 1734 82 chent, la tête haute, les reins cambrés pour mieux

358 1328 1734 84 exhiber leur ventre embourré, toutes fières de mon¬

360 1422 1734 84 trer qu’on le leur a bien mis, qu'elles ont le bocal

360 1515 1729 96 qui déborde, qu’il est plein ras la gueule de leurs

360 1609 1729 93 saloperies de bébés chéris. Encore plus que ces

360 1705 1732 86 truies, me débecte la marmaille, tout ce qui est bébé,

360 1800 1734 92 morveux ou autre trousse-pet. C’est dire à quel

358 1887 1720 103 point les films amerloques bidon et leurs happy

360 1988 1077 91 ends hypocrites me font vomir.

439 2076 1653 87 Pour que toutes ces histoires à la con finissent

358 2168 1724 91 bien, il faudrait que les méchants butent les cons

360 2264 1725 98 gentils, que les enchanteurs ensorcèlent tous les

355 2364 1727 94 princes et princesses, sans espoir de retour, et que

358 2469 1722 71 les carabosses n’empoisonnent pas pour du beurre.

358 2547 1727 93 Si bien que l’ogre ou les serial killers n’auraient

355 2640 1727 101 plus qu’à bouffer les restes. A moins qu’ils ne soient

358 2734 521 103 trop dégoûtés!

437 2832 1645 84 Je pense que ceux qui disent connaître le début

355 2928 1727 84 d’une histoire sont des fieffés menteurs. Surtout

355 3024 1720 82 quand ils prétendent, ces virtuoses de la frime, que

351 3115 1724 84 c’est leur propre histoire qu'ils racontent. Même

353 3211 1718 96 si, malheureusement, je peux présumer dès main¬

355 3309 1716 82 tenant comment elle finira, mon histoire à moi, je

353 3403 1722 84 serais bien en peine de vous dire comment elle a

1996 3573 75 82 27
