2977 4210
879 428 1779 88 Sortis chacun par une issue différente, les deux

788 535 1870 82 couples se retrouvent face à face et éclatent de rire.

872 633 1789 99 La lune a reparu, on distingue très bien cette

786 734 1875 103 petite remise au bout de la cour. Ils piquent sur ce

784 834 1872 101 même objectif quand Rémi s’arrête en se tapant le

791 933 751 105 front. “Et Philippe?

879 1038 1779 91 Merde! Ils l’ont oublié, celui-là, ils ont pris un

791 1150 507 91 sacré risque!

877 1244 1432 98 Ils galopent de concert vers la voiture.

877 1347 1774 89 Le plafonner est allumé, les portes ouvertes.

877 1445 545 91 Pas de môme.

875 1550 1783 89 Après un instant d’affolement, ils regardent autour

784 1648 264 101 d’eux.

875 1758 1786 96 AVisant la grange contre laquelle est stationné

786 1857 1875 86 le 4x4,torche en main, ils contournent le bâtiment

788 1981 871 65 et V entrent en courant.

872 2055 965 106 La lampe balaie l’espace.

872 2158 1782 106 Ils finissent par trouver Philippe dans le foin.

875 2266 1769 98 Couché en rond comme un chat, il dort à poings

788 2364 297 94 fermés.

879 2673 1782 98 Bon, il n’était pas dans la bagnole mais n’était

788 2771 1868 108 pas non plus dans la salle de l’auberge. J’ai à peine

788 2881 1182 96 menti, songe à présent Clotaire.

905 2977 1751 98 — Vous voulez qu’on arrête? demande Luna.

898 3080 1084 98 — Vous n’êtes pas fatiguée?

894 3185 1530 101 – Non, répond la psy, je pensais à vous.

875 3286 1783 96 Et, en réponse, Clotaire envoie la main vers le

788 3391 1866 100 petit magnétophone et appuie sur la touche lecture.
