2977 4210
774 540 260 77 nez...

889 425 1753 101 — Oh, le salaud, fait Cul noir qui se bouche le

910 629 1388 100 — Vous en faites bien, vous, des pets.

865 736 1168 82 L’autre se tourne vers l’arrière.

882 830 1355 98 — Merde, le con ! Il a pété la vitre !

861 935 1774 87 Pour un peu, il en aurait lâché le volant. Je me

765 1040 1870 87 marre comme un bossu. La vitre est descendue en

767 1141 1868 98 travers, grande ouverte. Fromage blanc se gare sur

767 1237 1861 98 le bas-côté et descend du 4x4.Avec l’aide du négro,

767 1347 1865 84 il essaie de remonter la vitre en la tirant, mais elle

762 1443 1028 95 est définitivement bloquée.

896 1543 1727 101 — Bon. Il y a une couverture dans le coffre, on

762 1648 1318 99 n’a qu’à la coincer dans la portière.

847 1950 1778 101 Quelques minutes plus tard, le Black boucle ma

755 2058 1868 84 ceinture de sécurité. Je me trouve pour la première

755 2156 1866 98 fois sur le siège du passager avant. C’est lui qui

751 2257 1863 88 conduit. On reprend la route avec des pans de cou¬

758 2357 1858 98 verture qui claquent au vent. Installé à l’arrière,

753 2460 1861 98 Fromage blanc s’agite comme un fou avec ses

753 2563 1858 86 cartes. Moi, je joue le débilos de base, marmonne

755 2666 1854 86 entre mes dents en leur jetant des coups d’œil furtifs.

851 2759 1760 101 — Et ils parlent de liberté! Ah, elle est jolie,

753 2865 1851 91 leur liberté ! Heureusement qu’il y a les flics!

753 2968 1856 88 Mais ils les ont oubliés, les flics! Hein, ils vous

751 3068 1039 98 ont oubliés, mes cons jolis?

837 3169 1774 105 Je jette un coup d’œil sournois vers Rémi qui

748 3279 1856 84 continue de se battre avec ses cartes. Ils m’ont mis

748 3377 1859 89 devant pour mieux me surveiller. Le Fromage a

751 3482 1858 96 demandé au nègre de conduire. On n’entendait

744 3655 138 89 232
