2977 4210
528 388 1899 100 en gigolo de banlieue, c’était tellement nul! Il aurait

528 493 1896 91 dû tout larguer au lieu de se laisser embringuer dans

531 601 564 81 ce cauchemar.

624 692 260 96 Il dit:

645 799 1786 106 — Jétais pétrifié; la voix de la petite me sait

531 909 1896 87 sursauter :“La clé est cachée derrière le calen¬

526 1012 1905 89 drier. Je trouve la clé, j’ouvre le placard. Sur la

528 1115 1901 108 plus haute étagère, parmi les pots, les récipients et

526 1218 1903 91 divers objets hétéroclites, j’avise un bocal isolé. Je

526 1323 1903 92 le descends et je demande combien de cuillers elle

533 1431 1894 103 veut. “Trois grandes, elle dit.— Tu n’as pas peur que

526 1529 1905 98 ça te colle les boyaux?" Elle hausse les épaules et

524 1641 1905 85 me regarde comme un débile pour me montrer

526 1742 1898 101 qu’elle ne croit pas à ces bourrages de crâne imbé¬

526 1845 1905 100 ciles. "C’est jamais trop sucré", décrète-t-elle. Je

528 1952 1903 87 lui sers les trois doses demandées, elle s’empare de

526 2055 1901 89 la cuiller et en ajoute deux autres pour faire bonne

526 2165 321 82 mesure.

617 2261 1810 91 Clotaire capte alors le regard horrifié de Luna.

524 2364 767 105 Elle a déjà compris.

634 2472 1790 98 — Ace moment Rémi m’a bousculé. “T’es

524 2572 1905 106 pas malade!’" Il venait de débouler comme un fou

521 2680 1910 89 dans la cuisine. Il a arraché à la gamine la cuiller

521 2783 1915 100 avant qu’elle n’atteigne sa bouche. “Je t’ai interdit

521 2888 1908 101 d’ouvrir ce placard." Il a confisqué le yaourt. “Ne

521 2996 1908 100 recommence jamais plus, Charlène! Sinon je te

521 3092 1910 95 tue!" Il était hors de lui. La petite fille a fondu en

521 3204 1906 89 larmes. Moi-même, j’étais impressionné, je ne l’avais

521 3307 1908 103 Jamais vu dans cet état. Soudain, je réalise et je me

519 3414 1912 87 rue sur lui. Le meuble à pharmacie renfermait son

521 3517 1908 91 fonds de commerce: la marchandise, le pèse-lettre

2298 3693 131 88 281
