<?xml version="1.0" encoding="UTF-8"?>
<alto xmlns:xsi="http://www.w3.org/2001/XMLSchema-instance"
      xmlns="http://www.loc.gov/standards/alto/ns-v4#"
      xsi:schemaLocation="http://www.loc.gov/standards/alto/ns-v4# http://www.loc.gov/standards/alto/v4/alto-4-2.xsd">
  <Description>
    <MeasurementUnit>pixel</MeasurementUnit>
    <sourceImageInformation>
      <fileName>page_00170.png</fileName>
      
    </sourceImageInformation>
  </Description>
  
  <Tags>
    <OtherTag ID="BT10605" LABEL="MainZone" DESCRIPTION="block type MainZone"/><OtherTag ID="BT10606" LABEL="NumberingZone" DESCRIPTION="block type NumberingZone"/><OtherTag ID="BT10607" LABEL="RunningTitleZone" DESCRIPTION="block type RunningTitleZone"/><OtherTag ID="BT10608" LABEL="QuireMarksZone" DESCRIPTION="block type QuireMarksZone"/><OtherTag ID="BT10609" LABEL="CustomZone" DESCRIPTION="block type CustomZone"/>
    <OtherTag ID="LT4159" LABEL="DefaultLine" DESCRIPTION="line type DefaultLine"/><OtherTag ID="LT4160" LABEL="HeadingLine" DESCRIPTION="line type HeadingLine"/><OtherTag ID="LT4161" LABEL="default" DESCRIPTION="line type default"/>
  </Tags>
  
  <Layout>
    <Page WIDTH="2977"
          HEIGHT="4210"
          PHYSICAL_IMG_NR="167"
          ID="eSc_dummypage_">
      <PrintSpace HPOS="0"
                  VPOS="0"
                  WIDTH="2977"
                  HEIGHT="4210">
        
        <TextBlock HPOS="692.8849487304688"
                   VPOS="425.115478515625"
                   WIDTH="1939.2664184570312"
                   HEIGHT="3214.28125"
                   ID="block_0"
                   TAGREFS="BT10605">
          <Shape><Polygon POINTS="692.885 425.115 2632.15 425.115 2632.15 3639.4 692.885 3639.4 692.885 425.115"/></Shape>
          
          
          <TextLine ID="eSc_line_87cf807e"
                    TAGREFS="LT4161"
                    BASELINE="812 535 2607 530" 
                    HPOS="809"
                    VPOS="465"
                    WIDTH="1798"
                    HEIGHT="101">
            <Shape><Polygon POINTS="2588 481 2424 481 2419 481 2363 465 2361 465 2359 465 2356 465 2312 481 2309 481 2253 465 2251 465 2249 465 2246 465 2244 465 2221 481 2221 484 2141 484 1811 484 1748 465 1745 465 1743 465 1741 465 1703 484 1666 467 1664 467 1661 467 1582 481 1472 467 1469 467 1467 467 1434 484 1137 467 1135 467 1132 467 1099 484 1067 467 1064 467 1062 467 945 481 835 467 833 467 830 467 828 467 809 481 812 535 812 551 1200 551 1207 551 1275 566 1277 566 1280 566 1319 551 1322 551 1329 551 1455 566 1458 566 1535 551 1537 551 1549 551 2118 563 2120 563 2333 549 2338 549 2345 549 2525 563 2527 563 2604 547 2607 530 2600 481 2588 481"/></Shape>
	    <String CONTENT="Gueule toujours, Boule de neige, pas de danger"
                    HPOS="809"
                    VPOS="465"
                    WIDTH="1798"
                    HEIGHT="101"
                    WC="0.9736170237479003"></String>
          </TextLine>

          
          
          <TextLine ID="eSc_line_95e5519d"
                    TAGREFS="LT4161"
                    BASELINE="723 636 2607 631" 
                    HPOS="720"
                    VPOS="566"
                    WIDTH="1887"
                    HEIGHT="102">
            <Shape><Polygon POINTS="723 636 723 659 737 668 739 668 741 668 744 668 830 657 919 668 922 668 924 668 964 654 1118 654 1121 654 1195 668 1198 668 1418 654 1425 654 1432 654 1671 666 1673 666 1750 654 1767 652 2370 652 2382 654 2445 666 2448 666 2604 652 2607 631 2602 584 2452 584 2436 570 2434 570 2431 570 2429 570 2427 570 2424 570 2408 584 2239 584 2221 570 2218 570 2216 570 2214 570 2057 582 2019 566 2017 566 1944 566 1942 566 1771 582 1748 566 1745 566 1743 566 1668 566 1666 566 1664 566 1596 584 1441 568 1439 568 1437 568 1390 584 1327 568 1324 568 1322 568 1319 568 1317 568 1296 587 1205 587 1137 568 1135 568 1132 568 1057 584 1008 568 1006 568 1004 568 1001 568 999 568 975 587 720 587 723 636"/></Shape>
	    <String CONTENT="que je te réponde. J’ai déjà maté le secteur et j’ai"
                    HPOS="720"
                    VPOS="566"
                    WIDTH="1887"
                    HEIGHT="102"
                    WC="0.9774406477808952"></String>
          </TextLine>

          
          
          <TextLine ID="eSc_line_77bf37ed"
                    TAGREFS="LT4161"
                    BASELINE="723 741 2607 734" 
                    HPOS="720"
                    VPOS="671"
                    WIDTH="1887"
                    HEIGHT="100">
            <Shape><Polygon POINTS="723 741 723 757 1348 771 1350 771 1462 755 1472 755 1488 755 1731 769 1734 769 1736 769 1769 755 2581 764 2583 764 2586 764 2588 764 2607 750 2607 734 2602 685 2298 685 2270 671 2267 671 2265 671 1963 685 1914 673 1912 673 1909 673 1544 685 1493 673 1490 673 1488 673 1486 673 1483 673 1467 687 1341 687 1249 675 1247 675 1097 687 741 675 739 675 737 675 734 675 720 685 723 741"/></Shape>
	    <String CONTENT="trouvé une planque à vingt mètres derrière trente"
                    HPOS="720"
                    VPOS="671"
                    WIDTH="1887"
                    HEIGHT="100"
                    WC="0.9898432976794693"></String>
          </TextLine>

          
          
          <TextLine ID="eSc_line_6c111c0a"
                    TAGREFS="LT4161"
                    BASELINE="725 842 2604 842" 
                    HPOS="725"
                    VPOS="776"
                    WIDTH="1879"
                    HEIGHT="84">
            <Shape><Polygon POINTS="725 842 725 860 2604 860 2604 842 2604 792 2377 776 2375 776 2291 790 2199 776 2197 776 2195 776 2192 776 2167 792 2022 792 1951 776 1949 776 1561 790 1507 776 1504 776 1502 776 1273 790 1109 776 1107 776 1104 776 1050 790 987 776 985 776 982 776 980 776 961 792 908 792 784 776 781 776 779 776 725 790 725 842"/></Shape>
	    <String CONTENT="Stères de châtaignier à scier pour le prochain hiver."
                    HPOS="725"
                    VPOS="776"
                    WIDTH="1879"
                    HEIGHT="84"
                    WC="0.9964202248624393"></String>
          </TextLine>

          
          
          <TextLine ID="eSc_line_0241a6a9"
                    TAGREFS="LT4161"
                    BASELINE="725 944 2602 940" 
                    HPOS="723"
                    VPOS="874"
                    WIDTH="1879"
                    HEIGHT="98">
            <Shape><Polygon POINTS="725 944 725 961 1121 972 1123 972 1125 972 1128 972 1142 961 1144 961 1521 961 1523 961 1638 972 1640 972 1862 958 1891 958 2363 958 2380 970 2382 970 2384 970 2387 970 2600 956 2602 940 2600 891 2562 874 2560 874 2480 874 2478 874 2476 874 2473 874 2450 888 2448 888 2132 874 2129 874 2127 874 2125 874 2108 886 2106 891 1851 891 1832 886 1778 874 1776 874 1774 874 1771 874 1759 884 1752 891 1647 891 723 879 725 944"/></Shape>
	    <String CONTENT="Pour vous, c’est sans espoir, les mecs. Est-ce qu’ils"
                    HPOS="723"
                    VPOS="874"
                    WIDTH="1879"
                    HEIGHT="98"
                    WC="0.9829500609973691"></String>
          </TextLine>

          
          
          <TextLine ID="eSc_line_ba568b45"
                    TAGREFS="LT4161"
                    BASELINE="723 1047 2597 1040" 
                    HPOS="720"
                    VPOS="977"
                    WIDTH="1877"
                    HEIGHT="98">
            <Shape><Polygon POINTS="723 1047 723 1064 1088 1075 1090 1075 1191 1064 1193 1064 1202 1064 1949 1071 1951 1071 1954 1071 1956 1071 1975 1059 1977 1059 2256 1059 2288 1059 2305 1071 2307 1071 2309 1071 2312 1073 2574 1073 2574 1071 2576 1071 2579 1071 2597 1057 2597 1040 2593 991 2244 977 2242 977 2239 977 2237 977 2221 991 1949 991 1884 979 1881 979 1879 979 1877 979 1860 994 1696 994 1678 979 1675 979 1673 979 1671 979 1378 991 1350 979 1348 979 1345 979 1209 982 1207 982 1205 982 1188 996 872 996 840 982 837 982 835 982 720 996 723 1047"/></Shape>
	    <String CONTENT="Ont compris? Ils courent vers la caisse. Fromage"
                    HPOS="720"
                    VPOS="977"
                    WIDTH="1877"
                    HEIGHT="98"
                    WC="0.9825200798610846"></String>
          </TextLine>

          
          
          <TextLine ID="eSc_line_88981279"
                    TAGREFS="LT4161"
                    BASELINE="725 1148 2602 1148" 
                    HPOS="725"
                    VPOS="1080"
                    WIDTH="1877"
                    HEIGHT="87">
            <Shape><Polygon POINTS="725 1148 725 1167 2602 1167 2602 1148 2602 1096 2515 1082 2513 1082 2380 1094 2368 1094 2366 1094 2349 1080 2347 1080 2345 1080 2342 1080 2244 1092 2225 1096 2111 1096 2104 1092 2078 1080 2075 1080 2073 1080 1991 1092 1961 1096 1776 1096 1757 1089 1727 1080 1724 1080 1722 1080 1720 1080 1694 1089 1678 1094 1659 1089 1633 1080 1631 1080 1628 1080 1589 1087 1554 1094 1516 1087 1474 1080 1472 1080 1469 1080 1444 1087 1411 1094 1348 1087 1315 1082 1312 1082 1310 1082 1298 1085 1270 1094 1252 1085 1240 1080 1238 1080 1156 1080 1153 1080 1151 1080 1149 1080 1144 1085 1130 1094 725 1082 725 1148"/></Shape>
	    <String CONTENT="blanc prend la torche électrique et les voilà partis"
                    HPOS="725"
                    VPOS="1080"
                    WIDTH="1877"
                    HEIGHT="87"
                    WC="0.9715634694805851"></String>
          </TextLine>

          
          
          <TextLine ID="eSc_line_a1b35db3"
                    TAGREFS="LT4161"
                    BASELINE="725 1246 2595 1251" 
                    HPOS="723"
                    VPOS="1178"
                    WIDTH="1872"
                    HEIGHT="99">
            <Shape><Polygon POINTS="725 1246 723 1263 751 1277 753 1277 755 1277 2593 1267 2595 1251 2593 1197 2403 1197 2401 1195 2349 1181 2347 1181 2345 1181 2260 1195 2256 1195 2253 1195 2164 1181 2162 1181 2061 1195 2054 1195 2052 1195 2026 1181 2024 1181 1907 1181 1905 1181 1902 1181 1900 1181 1881 1195 1879 1197 1664 1197 1659 1195 1635 1178 1633 1178 1631 1178 1628 1178 1626 1178 1582 1192 1518 1178 1516 1178 1514 1178 1469 1192 1399 1178 1397 1178 1324 1192 1322 1192 1319 1192 1238 1178 1235 1178 1233 1178 1191 1192 1188 1195 978 1195 973 1192 952 1178 950 1178 947 1178 945 1178 943 1178 908 1192 903 1195 816 1195 812 1192 791 1178 788 1178 786 1178 784 1178 725 1190 725 1246"/></Shape>
	    <String CONTENT="dans la nuit, dans les herbes mouillées et les champs"
                    HPOS="723"
                    VPOS="1178"
                    WIDTH="1872"
                    HEIGHT="99"
                    WC="0.9870697580001973"></String>
          </TextLine>

          
          
          <TextLine ID="eSc_line_244f26dc"
                    TAGREFS="LT4161"
                    BASELINE="727 1351 1053 1351" 
                    HPOS="727"
                    VPOS="1286"
                    WIDTH="326"
                    HEIGHT="84">
            <Shape><Polygon POINTS="727 1351 727 1370 1053 1370 1053 1351 1053 1305 1006 1293 1004 1293 1001 1293 901 1298 788 1302 772 1291 769 1288 769 1286 767 1286 765 1286 762 1286 727 1286 727 1351"/></Shape>
	    <String CONTENT="boueux."
                    HPOS="727"
                    VPOS="1286"
                    WIDTH="326"
                    HEIGHT="84"
                    WC="0.998980598790305"></String>
          </TextLine>

          
          
          <TextLine ID="eSc_line_920cebc8"
                    TAGREFS="LT4161"
                    BASELINE="812 1454 2597 1450" 
                    HPOS="809"
                    VPOS="1384"
                    WIDTH="1788"
                    HEIGHT="105">
            <Shape><Polygon POINTS="812 1454 812 1489 887 1473 1048 1487 1055 1487 1057 1487 1060 1487 1062 1487 1083 1473 1437 1482 1626 1487 1628 1487 1631 1487 1633 1487 1640 1480 1652 1473 1685 1480 1717 1485 1720 1485 1839 1478 1956 1471 2092 1475 2408 1485 2410 1485 2485 1471 2569 1482 2572 1482 2574 1482 2576 1482 2597 1468 2597 1450 2595 1403 2558 1384 2555 1384 2553 1384 2551 1384 2499 1403 2150 1403 2087 1384 2085 1384 2082 1384 2080 1384 2047 1403 1954 1403 1792 1384 1790 1384 1659 1403 1130 1386 1128 1386 1050 1403 835 1386 833 1386 830 1386 828 1386 809 1400 812 1454"/></Shape>
	    <String CONTENT="Ouais, c’était ce que j’espérais mais, manque de"
                    HPOS="809"
                    VPOS="1384"
                    WIDTH="1788"
                    HEIGHT="105"
                    WC="0.9880016922950745"></String>
          </TextLine>

          
          
          <TextLine ID="eSc_line_807e685c"
                    TAGREFS="LT4161"
                    BASELINE="727 1560 2094 1553" 
                    HPOS="725"
                    VPOS="1487"
                    WIDTH="1369"
                    HEIGHT="98">
            <Shape><Polygon POINTS="727 1560 727 1585 2094 1569 2094 1553 2089 1503 1951 1503 1912 1487 1909 1487 1907 1487 1905 1487 1902 1487 1879 1501 1825 1487 1823 1487 1820 1487 1818 1487 1816 1487 1816 1489 1802 1503 1738 1503 1689 1487 1687 1487 1685 1487 1682 1487 1680 1487 1680 1489 1666 1503 1605 1506 1303 1506 1277 1489 1275 1489 1273 1489 1270 1489 1174 1506 894 1492 891 1492 889 1492 887 1492 863 1506 837 1492 835 1492 833 1492 725 1508 727 1560"/></Shape>
	    <String CONTENT="pot, ils foncent vers mon tas de bois."
                    HPOS="725"
                    VPOS="1487"
                    WIDTH="1369"
                    HEIGHT="98"
                    WC="0.9905305473428023"></String>
          </TextLine>

          
          
          <TextLine ID="eSc_line_d821b758"
                    TAGREFS="LT4161"
                    BASELINE="858 1655 1738 1658" 
                    HPOS="856"
                    VPOS="1583"
                    WIDTH="882"
                    HEIGHT="103">
            <Shape><Polygon POINTS="858 1655 856 1662 1128 1686 1130 1686 1266 1684 1268 1684 1270 1684 1291 1667 1355 1667 1371 1681 1373 1681 1376 1681 1378 1681 1380 1681 1422 1669 1460 1681 1462 1681 1465 1681 1467 1681 1469 1681 1483 1669 1500 1681 1502 1681 1504 1681 1507 1681 1577 1667 1664 1681 1666 1681 1668 1681 1671 1681 1692 1667 1710 1681 1713 1681 1715 1681 1717 1681 1720 1681 1722 1681 1736 1665 1738 1658 1736 1590 1701 1583 1699 1583 1696 1583 1694 1583 1694 1585 1687 1590 1673 1604 1619 1592 1610 1590 1607 1590 1605 1590 1603 1590 1603 1592 1586 1609 1476 1609 1462 1595 1453 1585 1453 1583 1451 1583 1448 1583 1371 1583 1369 1583 1366 1583 1364 1583 1364 1585 1350 1597 1345 1599 1338 1597 1319 1583 1317 1583 1315 1583 1312 1583 1310 1583 1308 1583 1308 1585 1294 1597 1284 1609 1240 1609 1167 1604 1163 1599 1144 1583 1142 1583 1139 1583 1078 1583 1076 1583 1074 1583 1071 1583 1071 1585 1057 1597 1043 1585 1043 1583 1041 1583 1039 1583 971 1583 968 1583 966 1583 964 1583 964 1585 945 1604 940 1606 858 1606 858 1655"/></Shape>
	    <String CONTENT="— Philippe! Où es-tu ?"
                    HPOS="856"
                    VPOS="1583"
                    WIDTH="882"
                    HEIGHT="103"
                    WC="0.9809096325998721"></String>
          </TextLine>

          
          
          <TextLine ID="eSc_line_a55a6dfd"
                    TAGREFS="LT4161"
                    BASELINE="812 1758 2593 1754" 
                    HPOS="809"
                    VPOS="1688"
                    WIDTH="1784"
                    HEIGHT="89">
            <Shape><Polygon POINTS="2588 1709 2586 1707 2354 1707 2274 1688 2272 1688 2270 1688 2225 1705 2174 1688 2171 1688 2169 1688 2167 1688 2136 1705 1987 1705 1926 1688 1923 1688 1921 1688 1919 1688 1916 1688 1895 1705 1729 1691 1727 1691 1724 1691 1722 1691 1706 1705 1563 1707 1514 1691 1511 1691 1509 1691 1507 1691 1504 1691 1481 1707 1310 1707 1277 1691 1275 1691 1188 1691 1186 1691 1184 1691 1151 1709 1088 1709 840 1691 837 1691 835 1691 833 1691 809 1705 812 1758 812 1777 2590 1772 2593 1754 2588 1709 2588 1709"/></Shape>
	    <String CONTENT="Comme s’ils marchaient sur des œufs, ils avan¬"
                    HPOS="809"
                    VPOS="1688"
                    WIDTH="1784"
                    HEIGHT="89"
                    WC="0.9907063958437546"></String>
          </TextLine>

          
          
          <TextLine ID="eSc_line_9837483a"
                    TAGREFS="LT4161"
                    BASELINE="723 1859 2595 1864" 
                    HPOS="720"
                    VPOS="1777"
                    WIDTH="1875"
                    HEIGHT="108">
            <Shape><Polygon POINTS="723 1859 720 1875 2590 1885 2595 1864 2595 1817 2485 1784 2483 1784 2480 1784 2478 1784 2415 1812 2359 1782 2356 1782 2314 1782 2312 1782 2309 1782 2307 1782 2272 1810 2265 1814 2242 1807 2183 1793 2181 1793 2178 1793 2176 1793 2125 1805 2118 1807 2113 1805 2071 1786 2068 1786 2033 1786 2031 1786 2029 1786 2026 1786 2005 1803 1996 1810 1935 1810 1919 1800 1877 1784 1874 1784 1872 1784 1869 1784 1827 1800 1806 1807 1783 1798 1750 1786 1748 1786 1745 1786 1743 1786 1722 1798 1692 1814 1621 1807 1605 1796 1589 1782 1586 1782 1584 1782 1582 1782 1579 1782 1554 1793 1511 1812 1394 1810 1373 1793 1371 1793 1369 1793 1366 1793 1270 1810 1224 1786 1217 1784 1214 1784 1212 1784 1209 1784 1205 1786 1156 1810 908 1812 884 1796 882 1796 879 1796 877 1796 875 1796 872 1796 861 1805 826 1779 823 1779 821 1779 723 1777 723 1859"/></Shape>
	    <String CONTENT="cent avec précaution, l’un derrière l’autre. En tête,"
                    HPOS="720"
                    VPOS="1777"
                    WIDTH="1875"
                    HEIGHT="108"
                    WC="0.9877241477370262"></String>
          </TextLine>

          
          
          <TextLine ID="eSc_line_a6ed3390"
                    TAGREFS="LT4161"
                    BASELINE="725 1962 2597 1962" 
                    HPOS="725"
                    VPOS="1899"
                    WIDTH="1872"
                    HEIGHT="98">
            <Shape><Polygon POINTS="725 1962 725 1981 968 1997 971 1997 1062 1983 1284 1983 1303 1997 1305 1997 1308 1997 1310 1997 1603 1983 1743 1997 1745 1997 1869 1983 2363 1997 2366 1997 2597 1981 2597 1962 2597 1913 2504 1899 2501 1899 2445 1910 2441 1910 2405 1910 2068 1899 2066 1899 2064 1899 2029 1908 2017 1910 2001 1908 1968 1899 1965 1899 1963 1899 1961 1899 1958 1899 1949 1906 1944 1910 1926 1906 1886 1899 1884 1899 1881 1899 1879 1899 1869 1906 1862 1913 1188 1913 1099 1901 1076 1899 1074 1899 1071 1899 1069 1899 1069 1901 1053 1913 828 1913 725 1899 725 1962"/></Shape>
	    <String CONTENT="Fromage blanc qui pose ses pieds à plat, les pointes"
                    HPOS="725"
                    VPOS="1899"
                    WIDTH="1872"
                    HEIGHT="98"
                    WC="0.98639004635361"></String>
          </TextLine>

          
          
          <TextLine ID="eSc_line_fc2d7376"
                    TAGREFS="LT4161"
                    BASELINE="723 2067 2597 2062" 
                    HPOS="720"
                    VPOS="1995"
                    WIDTH="1877"
                    HEIGHT="88">
            <Shape><Polygon POINTS="723 2067 723 2083 2595 2081 2597 2062 2593 2013 2546 2013 2522 1995 2520 1995 2518 1995 2515 1995 2513 1995 2466 2013 2232 2013 2183 1995 2181 1995 2178 1995 2176 1995 2146 2011 2089 1995 2087 1995 2085 1995 2082 1995 2050 2011 2029 1995 2026 1995 2024 1995 1935 1995 1933 1995 1930 1995 1884 2011 1858 1995 1855 1995 1853 1995 1738 1995 1736 1995 1734 1995 1731 1995 1706 2013 1647 2016 1568 2016 1539 1997 1537 1997 1535 1997 1532 1997 1530 1997 1486 2016 1198 2016 1125 1997 1123 1997 1121 1997 1118 1997 1095 2016 987 2016 964 1997 961 1997 959 1997 863 1997 861 1997 858 1997 856 1997 833 2016 720 2016 723 2067"/></Shape>
	    <String CONTENT="en dehors. Les yeux écarquillés, il balade sa torche"
                    HPOS="720"
                    VPOS="1995"
                    WIDTH="1877"
                    HEIGHT="88"
                    WC="0.9769250275912108"></String>
          </TextLine>

          
          
          <TextLine ID="eSc_line_5dfda3ef"
                    TAGREFS="LT4161"
                    BASELINE="723 2170 2595 2163" 
                    HPOS="720"
                    VPOS="2097"
                    WIDTH="1875"
                    HEIGHT="101">
            <Shape><Polygon POINTS="723 2170 723 2186 1158 2196 1160 2196 1394 2184 1420 2184 1432 2184 1554 2198 1556 2198 1558 2198 1591 2186 1914 2196 1916 2196 1998 2184 2015 2196 2017 2196 2019 2196 2022 2198 2197 2198 2197 2196 2199 2196 2235 2182 2319 2193 2321 2196 2574 2196 2574 2193 2576 2193 2579 2193 2595 2179 2595 2163 2590 2114 2249 2097 2246 2097 2244 2097 2195 2114 1926 2114 1869 2100 1867 2100 1865 2100 1862 2100 1802 2114 1701 2100 1699 2100 1696 2100 1671 2114 1493 2114 1397 2100 1394 2100 1392 2100 1350 2114 1315 2102 1312 2102 1310 2102 999 2116 854 2102 851 2102 849 2102 847 2102 828 2116 753 2107 751 2107 748 2107 720 2116 723 2170"/></Shape>
	    <String CONTENT="en tous sens. C’est la première fois que je l’observe"
                    HPOS="720"
                    VPOS="2097"
                    WIDTH="1875"
                    HEIGHT="101"
                    WC="0.9635391798284318"></String>
          </TextLine>

          
          
          <TextLine ID="eSc_line_281e8dce"
                    TAGREFS="LT4161"
                    BASELINE="730 2268 2590 2268" 
                    HPOS="730"
                    VPOS="2203"
                    WIDTH="1860"
                    HEIGHT="84">
            <Shape><Polygon POINTS="730 2268 730 2287 2590 2287 2590 2268 2590 2219 2558 2203 2555 2203 2553 2203 2464 2221 2300 2221 2232 2203 2230 2203 2228 2203 2136 2219 2115 2203 2113 2203 2111 2203 2010 2203 2008 2203 2005 2203 1944 2221 1729 2221 1591 2203 1589 2203 1516 2219 1441 2203 1439 2203 1437 2203 1434 2203 1413 2221 1238 2221 1144 2203 1142 2203 1139 2203 1137 2203 1116 2219 1060 2207 1057 2207 730 2219 730 2268"/></Shape>
	    <String CONTENT="Vraiment. Avec sa lumière, son œil benêt qui cli¬"
                    HPOS="730"
                    VPOS="2203"
                    WIDTH="1860"
                    HEIGHT="84"
                    WC="0.982446110716053"></String>
          </TextLine>

          
          
          <TextLine ID="eSc_line_fb2b0aa4"
                    TAGREFS="LT4161"
                    BASELINE="727 2373 2595 2369" 
                    HPOS="725"
                    VPOS="2301"
                    WIDTH="1870"
                    HEIGHT="98">
            <Shape><Polygon POINTS="727 2373 727 2399 2595 2385 2595 2369 2590 2317 2298 2301 2295 2301 2293 2301 2291 2301 2272 2317 2050 2317 1982 2301 1979 2301 1907 2315 1841 2301 1839 2301 1769 2315 1752 2301 1750 2301 1748 2301 1680 2301 1678 2301 1675 2301 1673 2301 1654 2317 1607 2303 1605 2303 1603 2303 1600 2303 1558 2315 1544 2303 1542 2303 1539 2303 1537 2303 1458 2317 1411 2303 1408 2303 1406 2303 1404 2303 1373 2320 1268 2320 1163 2303 1160 2303 1158 2303 1156 2303 1137 2320 1036 2320 1018 2303 1015 2303 1013 2303 1011 2303 936 2317 889 2303 887 2303 884 2303 725 2320 727 2373"/></Shape>
	    <String CONTENT="gnote et sa démarche à la Charlot, il ressemble à un"
                    HPOS="725"
                    VPOS="2301"
                    WIDTH="1870"
                    HEIGHT="98"
                    WC="0.9866612521084872"></String>
          </TextLine>

          
          
          <TextLine ID="eSc_line_2ce5b672"
                    TAGREFS="LT4161"
                    BASELINE="725 2476 2593 2472" 
                    HPOS="723"
                    VPOS="2406"
                    WIDTH="1870"
                    HEIGHT="101">
            <Shape><Polygon POINTS="725 2476 725 2493 1708 2493 1724 2504 1727 2504 1729 2504 1731 2504 1825 2493 1898 2504 1900 2504 1902 2504 1935 2490 2176 2502 2178 2502 2338 2490 2361 2504 2363 2504 2366 2504 2368 2507 2476 2507 2476 2504 2593 2486 2593 2472 2586 2406 2480 2420 2181 2409 2064 2406 2061 2406 2059 2406 2038 2411 1998 2423 1600 2423 1394 2418 952 2409 950 2409 723 2425 725 2476"/></Shape>
	    <String CONTENT="canard ahuri. C’est comme ça qu’on l’aurait appelé"
                    HPOS="723"
                    VPOS="2406"
                    WIDTH="1870"
                    HEIGHT="101"
                    WC="0.9797867181209418"></String>
          </TextLine>

          
          
          <TextLine ID="eSc_line_e0433650"
                    TAGREFS="LT4161"
                    BASELINE="727 2572 1881 2577" 
                    HPOS="725"
                    VPOS="2504"
                    WIDTH="1156"
                    HEIGHT="89">
            <Shape><Polygon POINTS="727 2572 725 2589 1877 2593 1881 2577 1879 2528 1741 2523 1727 2509 1727 2507 1724 2507 1722 2507 1720 2507 1717 2507 1664 2523 1645 2507 1642 2507 1640 2507 1638 2507 1479 2526 1469 2526 1441 2507 1439 2507 1437 2507 1383 2507 1380 2507 1378 2507 1376 2507 1376 2509 1359 2526 1357 2526 1240 2526 1240 2523 1200 2504 1198 2504 1151 2504 1149 2504 1146 2504 1144 2504 1144 2507 1128 2523 1090 2504 1088 2504 1085 2504 1001 2523 999 2523 997 2523 954 2504 952 2504 950 2504 947 2504 908 2523 905 2526 823 2526 821 2523 805 2507 805 2504 802 2504 800 2504 798 2504 727 2521 727 2572"/></Shape>
	    <String CONTENT="chez les Indiens, Canard ahuri."
                    HPOS="725"
                    VPOS="2504"
                    WIDTH="1156"
                    HEIGHT="89"
                    WC="0.9920050251868463"></String>
          </TextLine>

          
          
          <TextLine ID="eSc_line_f62c6476"
                    TAGREFS="LT4161"
                    BASELINE="830 2675 2590 2680" 
                    HPOS="828"
                    VPOS="2603"
                    WIDTH="1762"
                    HEIGHT="105">
            <Shape><Polygon POINTS="830 2675 828 2685 947 2687 968 2706 971 2706 973 2706 975 2708 1270 2708 1270 2706 1273 2706 1275 2706 1301 2689 1331 2703 1334 2703 1336 2703 1338 2703 1380 2689 1406 2706 1408 2706 1411 2706 1413 2706 1507 2689 1530 2703 1532 2703 1535 2703 1537 2703 1729 2692 1748 2706 1750 2706 1752 2706 1755 2706 1757 2706 1759 2706 1778 2692 1806 2706 1809 2706 1811 2708 1895 2708 1895 2706 1898 2706 1900 2706 1916 2692 1961 2706 1963 2706 1965 2708 2104 2708 2104 2706 2106 2706 2108 2706 2125 2692 2153 2703 2155 2703 2157 2703 2160 2703 2204 2692 2232 2706 2235 2706 2237 2706 2324 2692 2328 2692 2331 2692 2359 2703 2361 2703 2363 2703 2588 2692 2590 2680 2588 2626 2492 2610 2490 2610 2487 2610 2485 2610 2462 2624 2462 2626 2459 2624 2441 2610 2438 2610 2436 2610 2434 2610 2331 2624 2317 2626 2309 2624 2260 2605 2258 2605 2256 2605 2253 2605 2192 2621 2150 2605 2148 2605 2146 2605 2143 2605 2141 2605 2120 2624 2115 2628 2026 2628 2019 2624 1970 2605 1968 2605 1965 2605 1963 2605 1914 2624 1909 2626 1902 2624 1853 2605 1851 2605 1848 2605 1788 2617 1750 2605 1748 2605 1745 2605 1743 2605 1741 2605 1717 2624 1715 2626 1706 2624 1657 2610 1654 2610 1652 2610 1649 2610 1647 2610 1624 2624 1621 2626 1500 2626 1497 2624 1474 2603 1472 2603 1469 2603 1397 2603 1394 2603 1392 2603 1390 2603 1369 2621 1334 2603 1331 2603 1329 2603 1327 2603 1324 2603 1298 2624 1296 2624 1202 2624 1177 2624 1151 2603 1149 2603 1146 2603 1144 2603 830 2621 830 2675"/></Shape>
	    <String CONTENT="— Philippe ! Où es-tu ? Reviens! On est tes"
                    HPOS="828"
                    VPOS="2603"
                    WIDTH="1762"
                    HEIGHT="105"
                    WC="0.9821775365959514"></String>
          </TextLine>

          
          
          <TextLine ID="eSc_line_d5af9afa"
                    TAGREFS="LT4161"
                    BASELINE="730 2783 1418 2778" 
                    HPOS="727"
                    VPOS="2706"
                    WIDTH="691"
                    HEIGHT="110">
            <Shape><Polygon POINTS="730 2783 730 2813 767 2816 769 2816 772 2816 774 2816 774 2813 777 2813 791 2799 908 2809 917 2809 919 2809 940 2809 1083 2797 1151 2801 1301 2813 1303 2813 1418 2792 1418 2778 1415 2717 1394 2706 1392 2706 1390 2706 1387 2706 1385 2706 1383 2706 1383 2708 1369 2722 1359 2731 1312 2731 1245 2727 1242 2724 1219 2706 1217 2706 1214 2706 1212 2706 1132 2717 1071 2706 1069 2706 1067 2706 1022 2729 1018 2731 950 2731 898 2731 842 2713 840 2713 837 2713 835 2713 833 2713 833 2715 821 2724 748 2720 746 2720 744 2720 741 2720 727 2729 730 2783"/></Shape>
	    <String CONTENT="potes... Philippe!"
                    HPOS="727"
                    VPOS="2706"
                    WIDTH="691"
                    HEIGHT="110"
                    WC="0.9987050361103482"></String>
          </TextLine>

          
          
          <TextLine ID="eSc_line_49819e67"
                    TAGREFS="LT4161"
                    BASELINE="814 2883 2590 2879" 
                    HPOS="812"
                    VPOS="2811"
                    WIDTH="1778"
                    HEIGHT="89">
            <Shape><Polygon POINTS="814 2883 814 2900 2588 2895 2590 2879 2588 2830 2548 2811 2546 2811 2544 2811 2541 2811 2483 2830 2403 2830 2375 2811 2373 2811 2370 2811 2368 2811 2366 2811 2309 2827 2251 2811 2249 2811 2178 2811 2176 2811 2174 2811 2171 2811 2153 2825 2111 2811 2108 2811 2106 2811 2104 2811 2071 2830 1736 2830 1715 2811 1713 2811 1710 2811 1708 2811 1706 2811 1657 2830 1652 2830 1642 2830 1542 2816 1539 2816 1537 2816 1483 2830 1476 2830 1439 2830 1177 2818 1174 2818 1083 2827 1022 2813 1020 2813 1018 2813 917 2825 826 2813 823 2813 821 2813 819 2813 819 2816 812 2820 814 2883"/></Shape>
	    <String CONTENT="Faudrait trouver autre chose, mes chéris. Je vois"
                    HPOS="812"
                    VPOS="2811"
                    WIDTH="1778"
                    HEIGHT="89"
                    WC="0.9749788093566895"></String>
          </TextLine>

          
          
          <TextLine ID="eSc_line_a5b34781"
                    TAGREFS="LT4161"
                    BASELINE="730 2986 2590 2979" 
                    HPOS="727"
                    VPOS="2914"
                    WIDTH="1863"
                    HEIGHT="91">
            <Shape><Polygon POINTS="730 2986 730 3005 2588 2998 2590 2979 2586 2930 2455 2930 2455 2928 2436 2914 2434 2914 2431 2914 2429 2914 2427 2914 2389 2928 2356 2914 2354 2914 2352 2914 2349 2914 2307 2928 2305 2928 2298 2928 2199 2916 2197 2916 2195 2916 2162 2928 2157 2928 2155 2928 2106 2914 2104 2914 2101 2914 2099 2914 2097 2914 2078 2928 2075 2930 1951 2930 1921 2925 1846 2916 1781 2916 1778 2916 1776 2916 1774 2916 1762 2925 1757 2930 1738 2925 1701 2916 1699 2916 1696 2916 1626 2925 1586 2932 1460 2932 1451 2925 1441 2916 1439 2916 1437 2916 1434 2916 1348 2925 1261 2932 1149 2923 1078 2918 1076 2918 987 2923 819 2932 727 2923 730 2986"/></Shape>
	    <String CONTENT="le rayon lumineux happer la découpe de tas de bois."
                    HPOS="727"
                    VPOS="2914"
                    WIDTH="1863"
                    HEIGHT="91"
                    WC="0.9930867713231307"></String>
          </TextLine>

          
          
          <TextLine ID="eSc_line_546e8b50"
                    TAGREFS="LT4161"
                    BASELINE="727 3087 2590 3080" 
                    HPOS="725"
                    VPOS="3012"
                    WIDTH="1865"
                    HEIGHT="105">
            <Shape><Polygon POINTS="727 3087 727 3106 1137 3117 1139 3117 1142 3117 1144 3117 1158 3106 1160 3103 1490 3103 1516 3103 1715 3115 1717 3115 2214 3101 2249 3101 2258 3101 2391 3113 2394 3113 2396 3113 2427 3101 2537 3113 2539 3113 2541 3113 2590 3099 2590 3080 2586 3033 2513 3033 2513 3031 2473 3012 2471 3012 2469 3012 2466 3012 2429 3031 2429 3033 2235 3033 2230 3031 2204 3012 2202 3012 2199 3012 2197 3012 2195 3012 2143 3031 2136 3031 2113 3028 1944 3014 1942 3014 1940 3014 1907 3028 1898 3033 1893 3028 1874 3014 1872 3014 1869 3014 1867 3014 1865 3014 1834 3028 1825 3033 1813 3028 1788 3014 1785 3014 1745 3014 1743 3014 1741 3014 1738 3014 1722 3028 1713 3035 1654 3035 1642 3026 1617 3014 1614 3014 1612 3014 1518 3026 1481 3031 1465 3026 1427 3014 1425 3014 1422 3014 1420 3014 1418 3014 1404 3026 1392 3035 1312 3038 1118 3038 1097 3024 1081 3017 1078 3017 1076 3017 999 3024 882 3035 849 3024 833 3017 830 3017 828 3017 725 3021 727 3087"/></Shape>
	    <String CONTENT="Ma parole, ces andouilles, ils brûlent. Je ripe der¬"
                    HPOS="725"
                    VPOS="3012"
                    WIDTH="1865"
                    HEIGHT="105"
                    WC="0.9834415462781798"></String>
          </TextLine>

          
          
          <TextLine ID="eSc_line_32bc88e0"
                    TAGREFS="LT4161"
                    BASELINE="725 3190 2600 3190" 
                    HPOS="725"
                    VPOS="3120"
                    WIDTH="1875"
                    HEIGHT="86">
            <Shape><Polygon POINTS="725 3190 725 3206 2600 3206 2600 3190 2600 3136 2544 3120 2541 3120 2539 3120 2422 3138 2237 3138 2155 3120 2153 3120 2150 3120 2118 3136 2082 3120 2080 3120 2005 3120 2003 3120 1909 3136 1811 3120 1809 3120 1806 3120 1804 3120 1783 3136 1755 3124 1752 3124 1750 3124 1647 3134 1631 3122 1628 3122 1626 3122 1624 3122 1621 3122 1619 3122 1600 3138 1514 3138 1465 3120 1462 3120 1460 3120 1458 3120 1422 3136 1364 3120 1362 3120 1359 3120 1357 3120 1308 3136 1252 3120 1249 3120 1247 3120 1245 3120 1193 3138 903 3138 772 3120 769 3120 767 3120 725 3136 725 3190"/></Shape>
	    <String CONTENT="rière une meule de fagots et décanille fissa vers la"
                    HPOS="725"
                    VPOS="3120"
                    WIDTH="1875"
                    HEIGHT="86"
                    WC="0.9764802190992568"></String>
          </TextLine>

          
          
          <TextLine ID="eSc_line_e09051b7"
                    TAGREFS="LT4161"
                    BASELINE="734 3293 2593 3288" 
                    HPOS="732"
                    VPOS="3225"
                    WIDTH="1861"
                    HEIGHT="98">
            <Shape><Polygon POINTS="734 3293 734 3323 816 3311 954 3321 957 3321 959 3321 989 3309 1696 3314 2239 3318 2242 3318 2244 3318 2272 3309 2279 3307 2590 3307 2593 3288 2588 3239 2291 3225 2288 3225 2286 3225 2284 3225 2267 3239 1877 3239 1799 3225 1797 3225 1795 3225 1792 3225 1776 3237 1128 3227 1125 3227 1123 3227 1121 3227 1104 3239 1050 3227 1048 3227 1046 3227 1043 3227 1027 3239 758 3230 755 3230 753 3230 732 3239 734 3293"/></Shape>
	    <String CONTENT="grange. A travers la lucarne du grenier, je les vois"
                    HPOS="732"
                    VPOS="3225"
                    WIDTH="1861"
                    HEIGHT="98"
                    WC="0.9905006278019685"></String>
          </TextLine>

          
          
          <TextLine ID="eSc_line_41b60986"
                    TAGREFS="LT4161"
                    BASELINE="727 3396 2593 3391" 
                    HPOS="727"
                    VPOS="3325"
                    WIDTH="1866"
                    HEIGHT="94">
            <Shape><Polygon POINTS="727 3377 727 3396 727 3410 2565 3419 2567 3419 2569 3419 2593 3405 2593 3391 2588 3339 2038 3325 2036 3325 1972 3337 1912 3325 1909 3325 1907 3325 1905 3325 1886 3339 1696 3339 1678 3325 1675 3325 1673 3325 1671 3325 1668 3325 1628 3339 1626 3339 1572 3339 879 3328 877 3328 734 3339 727 3377"/></Shape>
	    <String CONTENT="contourner le tas de bois et se parler. Boule de neige"
                    HPOS="727"
                    VPOS="3325"
                    WIDTH="1866"
                    HEIGHT="94"
                    WC="0.9959942566023933"></String>
          </TextLine>

          
          
          <TextLine ID="eSc_line_8c44104b"
                    TAGREFS="LT4161"
                    BASELINE="730 3498 2593 3491" 
                    HPOS="727"
                    VPOS="3424"
                    WIDTH="1866"
                    HEIGHT="91">
            <Shape><Polygon POINTS="730 3498 730 3515 2593 3513 2593 3491 2590 3442 2541 3424 2539 3424 2537 3424 2534 3424 2492 3440 2452 3424 2450 3424 2448 3424 2445 3424 2401 3440 2401 3442 2188 3442 2185 3440 2162 3424 2160 3424 2157 3424 2155 3424 2153 3424 2104 3440 2099 3440 2089 3440 2008 3431 2005 3431 1965 3440 1949 3442 1940 3440 1909 3426 1907 3426 1853 3426 1851 3426 1848 3426 1846 3426 1830 3438 1823 3445 1624 3445 1603 3438 1561 3426 1558 3426 1556 3426 1434 3438 1345 3445 1242 3445 1228 3435 1212 3428 1209 3428 1207 3428 1205 3428 1179 3435 1149 3445 1104 3435 1064 3428 1015 3428 1013 3428 1011 3428 1008 3428 999 3435 987 3445 968 3435 952 3428 950 3428 947 3428 727 3433 730 3498"/></Shape>
	    <String CONTENT="lève la tête dans ma direction, l’autre fait oui de la"
                    HPOS="727"
                    VPOS="3424"
                    WIDTH="1866"
                    HEIGHT="91"
                    WC="0.9861516228743962"></String>
          </TextLine>

          
          
          <TextLine ID="eSc_line_36bbf8c5"
                    TAGREFS="LT4161"
                    BASELINE="732 3599 1521 3594" 
                    HPOS="730"
                    VPOS="3527"
                    WIDTH="791"
                    HEIGHT="91">
            <Shape><Polygon POINTS="732 3599 732 3618 1521 3618 1521 3594 1518 3545 1483 3531 1481 3531 1479 3531 1476 3531 1474 3531 1460 3545 1310 3545 1247 3527 1245 3527 1242 3527 1240 3527 1238 3527 1238 3529 1221 3545 1067 3545 982 3529 980 3529 978 3529 975 3529 975 3531 964 3541 950 3531 947 3531 945 3531 943 3531 868 3545 751 3529 748 3529 746 3529 744 3529 744 3531 730 3543 732 3599"/></Shape>
	    <String CONTENT="tête et ils se séparent."
                    HPOS="730"
                    VPOS="3527"
                    WIDTH="791"
                    HEIGHT="91"
                    WC="0.9819973707199097"></String>
          </TextLine>

          
        </TextBlock>
        
        <TextBlock HPOS="722.3670043945312"
                   VPOS="3697.709228515625"
                   WIDTH="147.21771240234375"
                   HEIGHT="110.763671875"
                   ID="block_1"
                   TAGREFS="BT10606">
          <Shape><Polygon POINTS="722.367 3697.71 869.585 3697.71 869.585 3808.47 722.367 3808.47 722.367 3697.71"/></Shape>
          
          
          <TextLine ID="eSc_line_65bee906"
                    TAGREFS="LT4161"
                    BASELINE="734 3777 856 3770" 
                    HPOS="730"
                    VPOS="3711"
                    WIDTH="126"
                    HEIGHT="80">
            <Shape><Polygon POINTS="734 3777 734 3791 856 3786 856 3770 849 3711 730 3716 734 3777"/></Shape>
	    <String CONTENT="178"
                    HPOS="730"
                    VPOS="3711"
                    WIDTH="126"
                    HEIGHT="80"
                    WC="0.9958418210347494"></String>
          </TextLine>

          
        </TextBlock>
        

        
      </PrintSpace>
    </Page>
  </Layout>
</alto>
