2977 4210
964 484 1704 93 Ces crucifix partout, ça aussi j’adore, les jésus

879 584 1791 98 comme ces chiées de philippes de ma famille ou

879 685 1793 100 de gaspards de la décharge municipale. Il paraît

882 783 1788 101 qu’on va nous le supprimer, notre dépotoir. Une

882 879 1783 93 association imbécile à foutu le bordel à la mairie.

908 982 1762 93 “La canche est une nuisance, ils prétendent, c’est

879 1078 1786 89 une source d’insalubrité.” Eh bien. moi qui suis

882 1176 1781 91 sorti du circuit normal de réadaptation, comme ils

879 1277 1784 88 disent, j'adore les nuisances. La canche, c’est ma

879 1370 1789 91 caverne d’Ali Baba, mon eldorado à moi. Le seul

879 1475 1786 87 endroit où je peux classer les choses et mettre un

889 1576 442 93 peu d’ordre.

964 1667 1694 103 Parce que il faut bien comprendre que c’est tou¬

882 1765 1779 106 jours l’ordre qui a compté pour moi. Il faut que les

877 1866 1779 86 choses m'obéissent, qu’elles soient en rang, cha¬

879 1962 1782 89 cune à sa place. Les chansons, bonnes ou nulles à

877 2062 1779 94 chier, me calment, pourvu qu’elles ne soient pas

879 2158 1775 87 nouvelles et qu'on les entende comme des ritour¬

877 2252 1777 96 nelles. C’est pourquoi les refrains, ça me fait fondre.

877 2359 1774 92 Les comptines idiotes, moi, je ne connais pas mieux.

877 2451 1774 98 D'ailleurs, si vous voulez savoir, toutes les répéti¬

877 2551 1774 94 tions m'enchantent. Faut croire qu’elles me don¬

875 2647 1774 87 nent un sentiment de sécurité. Enfin, mettons...

957 2743 1694 101 C’est dans les décharges et les poubelles que

877 2841 1774 96 j'ai fait mon éducation. Bien plus qu’à l’école.

868 2937 1779 91 Camille aussi mais elle ne l’admettra jamais. Pas

865 3035 1779 103 folle la guêpe, elle sait trop ce qu’il lui en coûte¬

863 3138 1788 99 rait! N’empêche que c’est ma sœur qui a fichu le

861 3239 1788 96 camp la première au Canada, sous prétexte que,

863 3335 1781 86 là-bas, un oncle voulait l’adopter! Tiens donc !

856 3433 1791 103 Comme si la Camille était du genre à se faire

854 3618 84 82 30
