2977 4210
685 528 936 105 Henry n’est pas là que...

798 430 1755 103 – Ça va pas la tête! C’est pas parce que Pierre-

774 629 1784 98 Amorçant un mouvement de recul, elle allait

683 732 1027 88 leur fermer la porte au nez.

788 827 1765 108 — C’est pas à ton cul qu’on en veut, dit Rémi

678 935 1868 105 insinuant sournoisement son pied en vue de blo¬

681 1031 1261 103 quer le battant, c’est la Cherokee.

767 1136 1091 89 La blonde se tut, abasourdie.

791 1234 1762 106 — La Cherokee? fit-elle en l’observant d’un

678 1335 421 105 air inquiet.

769 1440 1782 94 Rémi a obtenu au moins un résultat, Odile n’avait

681 1541 1713 103 pas fermé la porte; il enchaîna à toute allure:

788 1639 1756 105 — Pierre-Henry t’a pas prévenu? Je déménage.

681 1740 1579 103 Je te file ma Volks et je t’emprunte le 4x4.

765 1840 1779 105 Les yeux de la jeune femme le quittèrent pour

678 1938 1861 101 dévisager Clotaire. Resté sur les marches du per¬

678 2039 1863 98 ron, à deux pas derrière son ami, l’Antillais se tor¬

683 2133 1861 95 tillait, gêné. Le regard d’Odile revint sur Rémi.

854 2238 1694 98 —Tu es sûr que Pierre-Henry est vraiment

683 2334 407 100 d’accord?

800 2432 861 105 — Puisque je te le dis!

786 2535 1753 103 — Il y a sûrement une arnaque quelque part!

842 2631 1695 98 —Tu me connais bien mal! fit Rémi ulcéré.

702 2724 1837 96 Tu me vois, moi. faire des embrouilles à mon frère

697 2832 1844 98 de sang? J’en ai toujours pris bien soin, moi, de ses

695 2925 1844 94 mignonnes... Je te la lui bichonnerai, sa Cherokee

695 3024 414 86 d’amour...

779 3120 1760 102 Clotaire les observait, complètement abasourdi.

697 3222 1844 101 Que s’était-il passé ? Il eut soudain l’impression

697 3323 1840 89 que les deux autres se regardaient différemment.

875 3419 1659 103 —Tu sais comme il y tient, dit Odile vaincue.

695 3515 1832 110 Il en a besoin pour le boulot. Si tu la bousilles...

697 3700 136 91 112
