<?xml version="1.0" encoding="UTF-8"?>
<alto xmlns:xsi="http://www.w3.org/2001/XMLSchema-instance"
      xmlns="http://www.loc.gov/standards/alto/ns-v4#"
      xsi:schemaLocation="http://www.loc.gov/standards/alto/ns-v4# http://www.loc.gov/standards/alto/v4/alto-4-2.xsd">
  <Description>
    <MeasurementUnit>pixel</MeasurementUnit>
    <sourceImageInformation>
      <fileName>page_00119.png</fileName>
      
    </sourceImageInformation>
  </Description>
  
  <Tags>
    <OtherTag ID="BT10605" LABEL="MainZone" DESCRIPTION="block type MainZone"/><OtherTag ID="BT10606" LABEL="NumberingZone" DESCRIPTION="block type NumberingZone"/><OtherTag ID="BT10607" LABEL="RunningTitleZone" DESCRIPTION="block type RunningTitleZone"/><OtherTag ID="BT10608" LABEL="QuireMarksZone" DESCRIPTION="block type QuireMarksZone"/><OtherTag ID="BT10609" LABEL="CustomZone" DESCRIPTION="block type CustomZone"/>
    <OtherTag ID="LT4159" LABEL="DefaultLine" DESCRIPTION="line type DefaultLine"/><OtherTag ID="LT4160" LABEL="HeadingLine" DESCRIPTION="line type HeadingLine"/><OtherTag ID="LT4161" LABEL="default" DESCRIPTION="line type default"/>
  </Tags>
  
  <Layout>
    <Page WIDTH="2977"
          HEIGHT="4210"
          PHYSICAL_IMG_NR="116"
          ID="eSc_dummypage_">
      <PrintSpace HPOS="0"
                  VPOS="0"
                  WIDTH="2977"
                  HEIGHT="4210">
        
        <TextBlock HPOS="425.18975830078125"
                   VPOS="415.5142517089844"
                   WIDTH="1917.2201538085938"
                   HEIGHT="3270.4227600097656"
                   ID="block_0"
                   TAGREFS="BT10605">
          <Shape><Polygon POINTS="425.19 415.514 2342.41 415.514 2342.41 3685.94 425.19 3685.94 425.19 415.514"/></Shape>
          
          
          <TextLine ID="eSc_line_c3075e8a"
                    TAGREFS="LT4161"
                    BASELINE="542 523 2302 523" 
                    HPOS="542"
                    VPOS="463"
                    WIDTH="1760"
                    HEIGHT="79">
            <Shape><Polygon POINTS="2274 465 2251 465 2228 465 2223 465 2199 472 545 463 542 467 542 523 542 542 2302 542 2302 523 2302 472 2277 465 2274 465"/></Shape>
	    <String CONTENT="Hochements des infirmiers que je ne cesse de"
                    HPOS="542"
                    VPOS="463"
                    WIDTH="1760"
                    HEIGHT="79"
                    WC="0.9832324290817435"></String>
          </TextLine>

          
          
          <TextLine ID="eSc_line_7f332da0"
                    TAGREFS="LT4161"
                    BASELINE="458 626 2302 622" 
                    HPOS="456"
                    VPOS="558"
                    WIDTH="1846"
                    HEIGHT="87">
            <Shape><Polygon POINTS="458 626 458 645 2300 645 2302 622 2298 575 1706 558 1703 558 1376 575 1135 561 1132 561 1039 575 805 563 802 563 800 563 762 575 706 561 704 561 702 561 699 561 662 575 479 561 477 561 475 561 472 561 456 573 458 626"/></Shape>
	    <String CONTENT="taper. A moins qu’ils ne m’en retournent une, ça"
                    HPOS="456"
                    VPOS="558"
                    WIDTH="1846"
                    HEIGHT="87"
                    WC="0.9795903685141583"></String>
          </TextLine>

          
          
          <TextLine ID="eSc_line_45f3827f"
                    TAGREFS="LT4161"
                    BASELINE="458 729 2298 729" 
                    HPOS="458"
                    VPOS="664"
                    WIDTH="1840"
                    HEIGHT="93">
            <Shape><Polygon POINTS="458 729 458 757 554 746 1530 746 1575 750 1647 757 1649 757 2162 746 2183 746 2185 746 2251 757 2253 757 2256 757 2298 743 2298 729 2295 680 2181 680 2148 664 2146 664 2143 664 1930 678 1715 664 1713 664 1710 664 1659 678 1530 664 1528 664 1525 664 1497 678 1273 664 1270 664 1209 678 777 678 744 664 741 664 739 664 737 664 704 678 458 678 458 729"/></Shape>
	    <String CONTENT="pourrait encore continuer longtemps, mais je"
                    HPOS="458"
                    VPOS="664"
                    WIDTH="1840"
                    HEIGHT="93"
                    WC="0.9929358187046918"></String>
          </TextLine>

          
          
          <TextLine ID="eSc_line_aa375d23"
                    TAGREFS="LT4161"
                    BASELINE="458 832 2300 827" 
                    HPOS="456"
                    VPOS="757"
                    WIDTH="1844"
                    HEIGHT="89">
            <Shape><Polygon POINTS="458 832 458 846 2298 844 2300 827 2298 774 2267 757 2265 757 2263 757 2260 757 2221 774 2146 774 2127 757 2125 757 2122 757 2120 757 2118 757 2075 771 2019 757 2017 757 2015 757 2012 757 2010 757 1991 774 1872 774 1846 757 1844 757 1841 757 1767 757 1764 757 1661 771 1607 757 1605 757 1603 757 1600 757 1598 757 1579 771 1467 760 1465 760 1195 774 1130 760 1128 760 1125 760 1123 760 1104 776 971 776 950 762 947 762 945 762 943 762 884 774 816 760 814 760 812 760 809 760 793 774 725 760 723 760 720 760 718 760 699 774 645 764 643 764 456 776 458 832"/></Shape>
	    <String CONTENT="Zyeute le lecteur de cassettes du tableau de bord."
                    HPOS="456"
                    VPOS="757"
                    WIDTH="1844"
                    HEIGHT="89"
                    WC="0.985737887620926"></String>
          </TextLine>

          
          
          <TextLine ID="eSc_line_e9caf3a9"
                    TAGREFS="LT4161"
                    BASELINE="458 935 2298 935" 
                    HPOS="458"
                    VPOS="867"
                    WIDTH="1840"
                    HEIGHT="84">
            <Shape><Polygon POINTS="458 935 458 951 2295 951 2298 935 2298 881 2265 867 2263 867 2260 867 2185 879 2122 867 2120 867 2040 879 2036 881 1858 881 1855 879 1832 867 1830 867 1827 867 1778 879 1769 881 1539 881 1535 877 1514 867 1511 867 1509 867 1441 877 1415 879 458 872 458 935"/></Shape>
	    <String CONTENT="J’en ai justement une sous la main de cassette. Je"
                    HPOS="458"
                    VPOS="867"
                    WIDTH="1840"
                    HEIGHT="84"
                    WC="0.9963324522972107"></String>
          </TextLine>

          
          
          <TextLine ID="eSc_line_14825297"
                    TAGREFS="LT4161"
                    BASELINE="456 1038 1266 1031" 
                    HPOS="454"
                    VPOS="963"
                    WIDTH="812"
                    HEIGHT="101">
            <Shape><Polygon POINTS="456 1038 456 1052 992 1064 994 1064 1099 1050 1247 1059 1249 1059 1252 1059 1254 1059 1266 1047 1266 1031 1259 982 1188 982 1186 979 1167 965 1167 963 1165 963 1163 963 1160 963 1158 963 1109 979 1099 982 1081 979 1032 972 1029 972 1027 972 1006 979 987 987 849 987 835 979 812 965 809 965 777 965 774 965 772 965 769 965 769 968 758 977 751 984 648 982 645 977 636 970 636 968 634 968 631 968 629 968 585 977 540 987 517 977 498 968 496 968 493 968 454 975 456 1038"/></Shape>
	    <String CONTENT="la retire de ma poche."
                    HPOS="454"
                    VPOS="963"
                    WIDTH="812"
                    HEIGHT="101"
                    WC="0.993341787294908"></String>
          </TextLine>

          
          
          <TextLine ID="eSc_line_c2a36314"
                    TAGREFS="LT4161"
                    BASELINE="582 1134 2284 1139" 
                    HPOS="580"
                    VPOS="1068"
                    WIDTH="1704"
                    HEIGHT="99">
            <Shape><Polygon POINTS="582 1134 580 1148 688 1150 702 1164 704 1164 706 1164 709 1167 1008 1167 1008 1164 1011 1164 1050 1155 1060 1153 1107 1155 1252 1164 1254 1164 1312 1157 1350 1153 1392 1157 1439 1164 1441 1164 1682 1162 2106 1155 2279 1167 2284 1139 2281 1087 2089 1075 2087 1075 2085 1075 2082 1075 2066 1085 2064 1087 2064 1085 2036 1071 2033 1071 2031 1071 1886 1085 1860 1087 1848 1085 1792 1071 1790 1071 1788 1071 1680 1085 1659 1087 1635 1085 1528 1071 1525 1071 1523 1071 1481 1085 1474 1087 1469 1085 1441 1071 1439 1071 1437 1071 1359 1085 1352 1087 1128 1087 1123 1085 1078 1068 1076 1068 1074 1068 1071 1068 1015 1082 681 1068 678 1068 676 1068 674 1068 655 1085 652 1085 582 1085 582 1134"/></Shape>
	    <String CONTENT="– Tiens, mets ça, c’est rétro mais c’est super,"
                    HPOS="580"
                    VPOS="1068"
                    WIDTH="1704"
                    HEIGHT="99"
                    WC="0.9902721533969957"></String>
          </TextLine>

          
          
          <TextLine ID="eSc_line_72746e62"
                    TAGREFS="LT4161"
                    BASELINE="456 1244 1158 1239" 
                    HPOS="454"
                    VPOS="1162"
                    WIDTH="704"
                    HEIGHT="108">
            <Shape><Polygon POINTS="456 1244 456 1258 802 1270 805 1270 870 1258 1111 1267 1114 1267 1116 1267 1158 1253 1158 1239 1153 1185 959 1185 926 1162 924 1162 922 1162 887 1162 884 1162 882 1162 879 1162 879 1164 858 1185 779 1185 758 1167 758 1164 755 1164 753 1164 688 1164 685 1164 683 1164 681 1164 648 1183 629 1167 629 1164 627 1164 624 1164 578 1164 575 1164 573 1164 524 1185 521 1185 470 1164 468 1164 465 1164 463 1164 461 1164 461 1167 458 1167 454 1169 456 1244"/></Shape>
	    <String CONTENT="les Rolling Stones."
                    HPOS="454"
                    VPOS="1162"
                    WIDTH="704"
                    HEIGHT="108"
                    WC="0.996945814082497"></String>
          </TextLine>

          
          
          <TextLine ID="eSc_line_8d680fc0"
                    TAGREFS="LT4161"
                    BASELINE="535 1344 2295 1340" 
                    HPOS="533"
                    VPOS="1270"
                    WIDTH="1762"
                    HEIGHT="102">
            <Shape><Polygon POINTS="535 1344 535 1361 1200 1372 1202 1372 1205 1372 1240 1361 1245 1361 1408 1370 1411 1370 1413 1370 1415 1370 1429 1358 1432 1358 1813 1358 1825 1358 1935 1370 1937 1370 2015 1358 2029 1370 2031 1370 2033 1370 2036 1372 2157 1372 2157 1370 2293 1356 2295 1340 2293 1291 2251 1270 2249 1270 2246 1270 2244 1270 2199 1288 2139 1270 2136 1270 2134 1270 2132 1270 2059 1288 2008 1270 2005 1270 1958 1270 1956 1270 1954 1270 1951 1270 1928 1288 1926 1288 1914 1288 1830 1286 1809 1270 1806 1270 1804 1270 1752 1270 1750 1270 1748 1270 1745 1270 1724 1288 1722 1291 1544 1291 1539 1286 1511 1270 1509 1270 1507 1270 1504 1270 1502 1270 1458 1286 1451 1288 1444 1286 1387 1272 1385 1272 1310 1272 1308 1272 1305 1272 1303 1272 1282 1286 1270 1293 730 1293 720 1284 706 1272 704 1272 702 1272 699 1272 697 1272 695 1272 683 1284 681 1284 676 1284 610 1272 608 1272 533 1281 535 1344"/></Shape>
	    <String CONTENT="Faut pas croire, je chie dessus. Bon, Boule de"
                    HPOS="533"
                    VPOS="1270"
                    WIDTH="1762"
                    HEIGHT="102"
                    WC="0.9846068465191385"></String>
          </TextLine>

          
          
          <TextLine ID="eSc_line_c2c39502"
                    TAGREFS="LT4161"
                    BASELINE="454 1447 2295 1443" 
                    HPOS="451"
                    VPOS="1377"
                    WIDTH="1844"
                    HEIGHT="94">
            <Shape><Polygon POINTS="454 1447 454 1464 2277 1471 2279 1471 2281 1471 2284 1471 2295 1459 2295 1443 2291 1393 2141 1377 2139 1377 2136 1377 2078 1391 2015 1377 2012 1377 2010 1377 2008 1377 1987 1391 1923 1377 1921 1377 1853 1391 1745 1377 1743 1377 1741 1377 1708 1391 1689 1377 1687 1377 1685 1377 1682 1377 1680 1377 1678 1377 1661 1391 1525 1391 1418 1377 1415 1377 1413 1377 1366 1393 1280 1379 1277 1379 997 1393 966 1379 964 1379 868 1379 865 1379 678 1393 491 1384 489 1384 486 1384 451 1393 454 1447"/></Shape>
	    <String CONTENT="neige prend la cassette et la met dans le lecteur."
                    HPOS="451"
                    VPOS="1377"
                    WIDTH="1844"
                    HEIGHT="94"
                    WC="0.9930349242687225"></String>
          </TextLine>

          
          
          <TextLine ID="eSc_line_2a8fce8c"
                    TAGREFS="LT4161"
                    BASELINE="454 1553 2293 1546" 
                    HPOS="451"
                    VPOS="1475"
                    WIDTH="1842"
                    HEIGHT="108">
            <Shape><Polygon POINTS="454 1553 454 1569 496 1583 498 1583 500 1583 564 1569 571 1569 575 1569 650 1583 652 1583 723 1569 727 1569 748 1569 1188 1581 1191 1581 1331 1567 1336 1567 1338 1567 1504 1581 1507 1581 1734 1564 1745 1564 1750 1564 1825 1578 1827 1578 2003 1564 2026 1576 2029 1576 2031 1578 2267 1578 2267 1576 2270 1576 2272 1576 2293 1562 2293 1546 2286 1492 1825 1492 1823 1492 1762 1475 1759 1475 1757 1475 1755 1475 1752 1475 1731 1492 1687 1475 1685 1475 1682 1475 1680 1475 1678 1475 1661 1489 1530 1478 1528 1478 1525 1478 1523 1478 1504 1492 1467 1478 1465 1478 1462 1478 1460 1478 1411 1494 1406 1494 1404 1494 1352 1480 1350 1480 1348 1480 1275 1494 1273 1494 1268 1494 1195 1478 1193 1478 1191 1478 1146 1494 1081 1480 1078 1480 1076 1480 1074 1480 1053 1494 957 1482 954 1482 952 1482 910 1496 905 1499 767 1499 744 1496 472 1480 470 1480 468 1480 465 1480 451 1489 454 1553"/></Shape>
	    <String CONTENT="Quelques instants plus tard, Mick Jagger susurre"
                    HPOS="451"
                    VPOS="1475"
                    WIDTH="1842"
                    HEIGHT="108"
                    WC="0.9897256183127562"></String>
          </TextLine>

          
          
          <TextLine ID="eSc_line_fe0c8155"
                    TAGREFS="LT4161"
                    BASELINE="456 1651 1928 1655" 
                    HPOS="454"
                    VPOS="1585"
                    WIDTH="1474"
                    HEIGHT="96">
            <Shape><Polygon POINTS="456 1632 456 1651 454 1667 472 1679 475 1679 477 1679 479 1679 589 1667 617 1679 620 1679 622 1679 1544 1669 1556 1679 1556 1681 1558 1681 1561 1681 1563 1681 1926 1667 1928 1655 1926 1604 1591 1590 1589 1590 1586 1590 1547 1602 1514 1588 1511 1588 1509 1588 1507 1588 1462 1602 1460 1602 1217 1602 957 1602 926 1585 924 1585 922 1585 465 1599 456 1632"/></Shape>
	    <String CONTENT="son dégueulis avec sa voix de gonzesse."
                    HPOS="454"
                    VPOS="1585"
                    WIDTH="1474"
                    HEIGHT="96"
                    WC="0.9831503480672836"></String>
          </TextLine>

          
          
          <TextLine ID="eSc_line_7d157a6f"
                    TAGREFS="LT4161"
                    BASELINE="615 1749 1694 1754" 
                    HPOS="613"
                    VPOS="1684"
                    WIDTH="1081"
                    HEIGHT="100">
            <Shape><Polygon POINTS="615 1749 613 1763 858 1782 861 1782 863 1782 865 1782 884 1768 901 1782 903 1782 905 1782 908 1782 1214 1770 1427 1784 1429 1784 1432 1784 1465 1770 1692 1770 1694 1754 1692 1691 1659 1686 1657 1686 1654 1686 1652 1686 1652 1688 1649 1691 1633 1705 1539 1693 1537 1693 1535 1693 1532 1693 1518 1702 1488 1691 1469 1686 1467 1686 1465 1686 1462 1686 1460 1686 1460 1688 1455 1693 1441 1707 1303 1707 1277 1693 1256 1686 1254 1686 1252 1686 1249 1686 1224 1695 1191 1705 1121 1695 1027 1684 1025 1684 1022 1684 999 1698 989 1702 882 1702 875 1698 863 1688 861 1688 858 1688 856 1688 854 1688 821 1700 809 1702 802 1700 772 1684 769 1684 695 1684 692 1684 690 1684 688 1684 688 1686 671 1700 669 1702 615 1702 615 1749"/></Shape>
	    <String CONTENT="-C’est quelque chose, hein!"
                    HPOS="613"
                    VPOS="1684"
                    WIDTH="1081"
                    HEIGHT="100"
                    WC="0.9743064200436627"></String>
          </TextLine>

          
          
          <TextLine ID="eSc_line_087140bb"
                    TAGREFS="LT4161"
                    BASELINE="533 1859 2286 1850" 
                    HPOS="531"
                    VPOS="1782"
                    WIDTH="1755"
                    HEIGHT="107">
            <Shape><Polygon POINTS="2277 1803 2178 1803 2178 1800 2141 1782 2139 1782 2136 1782 2134 1782 2087 1800 2019 1782 2017 1782 2015 1782 1905 1800 1898 1800 1895 1800 1848 1782 1846 1782 1844 1782 1769 1800 1750 1803 1682 1803 1680 1798 1661 1784 1659 1784 1657 1784 1654 1784 1652 1784 1614 1798 1575 1784 1572 1784 1570 1784 1568 1784 1565 1784 1549 1798 1544 1803 1371 1807 1092 1807 1053 1796 1006 1786 1004 1786 915 1796 870 1800 849 1796 821 1789 819 1789 816 1789 814 1789 812 1789 805 1796 795 1803 772 1796 748 1789 746 1789 744 1789 741 1789 739 1789 732 1796 718 1807 692 1796 690 1796 688 1796 685 1796 643 1807 629 1796 622 1789 620 1789 617 1789 615 1789 531 1793 533 1859 533 1875 634 1889 636 1889 706 1878 1390 1885 1392 1885 1394 1885 1397 1885 1411 1873 1476 1885 1479 1885 1561 1873 1837 1885 1839 1885 1961 1882 1963 1882 1965 1882 1982 1871 2249 1882 2251 1882 2253 1882 2286 1866 2286 1850 2284 1831 2277 1803"/></Shape>
	    <String CONTENT="Et je te lui flanque un coup à lui ruiner la clavi¬"
                    HPOS="531"
                    VPOS="1782"
                    WIDTH="1755"
                    HEIGHT="107"
                    WC="0.9807661645687543"></String>
          </TextLine>

          
          
          <TextLine ID="eSc_line_d8a2b52b"
                    TAGREFS="LT4161"
                    BASELINE="454 1959 1149 1959" 
                    HPOS="454"
                    VPOS="1892"
                    WIDTH="695"
                    HEIGHT="86">
            <Shape><Polygon POINTS="454 1959 454 1978 1149 1978 1149 1959 1146 1899 669 1906 662 1903 627 1892 624 1892 622 1892 620 1892 617 1892 601 1906 596 1906 542 1892 540 1892 538 1892 454 1906 454 1959"/></Shape>
	    <String CONTENT="cule à ce connard!"
                    HPOS="454"
                    VPOS="1892"
                    WIDTH="695"
                    HEIGHT="86"
                    WC="0.9958244028844332"></String>
          </TextLine>

          
          
          <TextLine ID="eSc_line_27af6e9f"
                    TAGREFS="LT4161"
                    BASELINE="559 2212 2288 2219" 
                    HPOS="557"
                    VPOS="2140"
                    WIDTH="1731"
                    HEIGHT="102">
            <Shape><Polygon POINTS="2284 2165 2202 2144 2199 2144 2197 2144 2045 2158 1998 2144 1996 2144 1994 2144 1991 2144 1944 2165 1909 2144 1907 2144 1905 2144 1902 2144 1799 2158 1710 2142 1708 2142 1706 2142 1624 2163 1577 2142 1575 2142 1572 2142 1570 2142 1521 2163 1500 2147 1497 2147 1495 2147 1493 2147 1490 2147 1432 2161 1392 2142 1390 2142 1387 2142 1385 2142 1334 2158 1289 2142 1287 2142 1284 2142 1282 2142 1280 2142 1256 2163 1254 2165 1202 2165 1200 2163 1160 2142 1158 2142 1156 2142 1153 2142 1095 2161 1090 2161 905 2161 868 2140 865 2140 863 2140 861 2140 819 2161 816 2163 762 2163 758 2161 720 2140 718 2140 716 2140 713 2140 667 2161 662 2161 559 2161 559 2212 557 2226 681 2240 683 2242 2286 2242 2288 2219 2288 2170 2284 2165"/></Shape>
	    <String CONTENT="— Ses deux mains étaient de véritables battoirs,"
                    HPOS="557"
                    VPOS="2140"
                    WIDTH="1731"
                    HEIGHT="102"
                    WC="0.99157879114151"></String>
          </TextLine>

          
          
          <TextLine ID="eSc_line_26addf26"
                    TAGREFS="LT4161"
                    BASELINE="449 2320 2293 2320" 
                    HPOS="449"
                    VPOS="2252"
                    WIDTH="1844"
                    HEIGHT="98">
            <Shape><Polygon POINTS="449 2320 449 2336 519 2350 521 2350 758 2338 1621 2338 1635 2350 1638 2350 1640 2350 1642 2350 2293 2336 2293 2320 2293 2271 1614 2271 1582 2252 1579 2252 1493 2252 1490 2252 1488 2252 1486 2252 1465 2266 1284 2268 1121 2252 1118 2252 1116 2252 1078 2268 793 2252 791 2252 718 2268 580 2252 578 2252 449 2268 449 2320"/></Shape>
	    <String CONTENT="explique Clotaire. Il me semble que j’en ai encore"
                    HPOS="449"
                    VPOS="2252"
                    WIDTH="1844"
                    HEIGHT="98"
                    WC="0.9933679842948914"></String>
          </TextLine>

          
          
          <TextLine ID="eSc_line_b9c50d4c"
                    TAGREFS="LT4161"
                    BASELINE="449 2425 2286 2420" 
                    HPOS="447"
                    VPOS="2350"
                    WIDTH="1839"
                    HEIGHT="96">
            <Shape><Polygon POINTS="449 2425 449 2446 2284 2441 2286 2420 2281 2369 1926 2369 1891 2350 1888 2350 1813 2350 1811 2350 1809 2350 1806 2350 1785 2366 1673 2366 1649 2350 1647 2350 1645 2350 1593 2350 1591 2350 1589 2350 1586 2350 1565 2369 1448 2369 1429 2352 1427 2352 1425 2352 1422 2352 1273 2369 1228 2352 1226 2352 1224 2352 1221 2352 1219 2352 1198 2371 966 2371 903 2352 901 2352 898 2352 816 2369 774 2352 772 2352 561 2352 559 2352 557 2352 524 2371 447 2371 449 2425"/></Shape>
	    <String CONTENT="mal à l’épaule, mais à part ça, il semblait OK, pas"
                    HPOS="447"
                    VPOS="2350"
                    WIDTH="1839"
                    HEIGHT="96"
                    WC="0.9957103339108554"></String>
          </TextLine>

          
          
          <TextLine ID="eSc_line_d0c8b5f4"
                    TAGREFS="LT4161"
                    BASELINE="454 2528 1137 2528" 
                    HPOS="454"
                    VPOS="2460"
                    WIDTH="683"
                    HEIGHT="98">
            <Shape><Polygon POINTS="454 2528 454 2544 526 2558 528 2558 1137 2544 1137 2528 1137 2483 1055 2483 1034 2462 1034 2460 1032 2460 1029 2460 1027 2460 961 2474 908 2460 905 2460 903 2460 901 2460 898 2460 875 2481 830 2460 828 2460 826 2460 823 2460 781 2476 737 2460 734 2460 732 2460 730 2460 727 2460 727 2462 713 2476 454 2481 454 2528"/></Shape>
	    <String CONTENT="angoissé du tout..."
                    HPOS="454"
                    VPOS="2460"
                    WIDTH="683"
                    HEIGHT="98"
                    WC="0.9967526525259018"></String>
          </TextLine>

          
          
          <TextLine ID="eSc_line_b8744355"
                    TAGREFS="LT4161"
                    BASELINE="533 2794 2288 2790" 
                    HPOS="531"
                    VPOS="2717"
                    WIDTH="1757"
                    HEIGHT="115">
            <Shape><Polygon POINTS="2216 2720 2202 2717 2160 2736 2097 2736 2038 2717 2036 2717 2033 2717 2031 2717 2029 2717 2008 2734 1928 2717 1926 2717 1923 2717 1921 2717 1898 2738 1736 2738 1703 2717 1701 2717 1699 2717 1696 2717 1579 2734 1518 2717 1516 2717 1514 2717 1511 2717 1509 2717 1488 2736 1399 2738 641 2720 638 2720 636 2720 634 2720 610 2741 531 2741 533 2794 533 2832 610 2830 613 2830 671 2809 997 2809 1102 2825 1137 2830 1139 2830 1142 2830 1165 2825 1198 2816 1233 2823 1268 2830 1270 2830 1273 2830 1275 2830 1284 2823 1296 2813 1348 2820 1406 2830 1408 2830 1411 2830 1413 2830 1427 2820 1451 2806 1743 2806 1802 2816 1888 2827 1891 2830 1947 2830 1947 2827 1949 2827 1951 2827 1970 2811 1972 2809 2286 2806 2288 2790 2286 2738 2218 2720 2216 2720"/></Shape>
	    <String CONTENT="..J’adore la campagne, j’adore la mer, j’adore les"
                    HPOS="531"
                    VPOS="2717"
                    WIDTH="1757"
                    HEIGHT="115"
                    WC="0.9860337150096893"></String>
          </TextLine>

          
          
          <TextLine ID="eSc_line_83bebf7c"
                    TAGREFS="LT4161"
                    BASELINE="447 2897 2286 2897" 
                    HPOS="447"
                    VPOS="2827"
                    WIDTH="1839"
                    HEIGHT="101">
            <Shape><Polygon POINTS="447 2897 447 2911 629 2928 631 2928 755 2914 758 2914 765 2914 1102 2928 1104 2928 1245 2914 1254 2914 1277 2914 1635 2928 1638 2928 1640 2928 1678 2914 1680 2914 1902 2914 1912 2914 1984 2928 1987 2928 2045 2914 2054 2914 2071 2914 2176 2925 2178 2925 2284 2914 2286 2897 2279 2846 2211 2827 2209 2827 2207 2827 2204 2827 2150 2846 2148 2846 2106 2846 1994 2844 1975 2827 1972 2827 1970 2827 1912 2827 1909 2827 1907 2827 1905 2827 1884 2844 1881 2846 1879 2844 1846 2827 1844 2827 1841 2827 1727 2841 1692 2848 1642 2848 1633 2841 1610 2827 1607 2827 1605 2827 1603 2827 1490 2841 1437 2846 1394 2839 1322 2827 1284 2827 1282 2827 1280 2827 1277 2827 1266 2839 1254 2848 638 2848 561 2832 533 2827 531 2827 447 2830 447 2897"/></Shape>
	    <String CONTENT="bêtes, je connais pas les curés, mais il y a des"
                    HPOS="447"
                    VPOS="2827"
                    WIDTH="1839"
                    HEIGHT="101"
                    WC="0.9852534425258637"></String>
          </TextLine>

          
          
          <TextLine ID="eSc_line_a04fe1ed"
                    TAGREFS="LT4161"
                    BASELINE="444 3003 1408 3003" 
                    HPOS="444"
                    VPOS="2937"
                    WIDTH="964"
                    HEIGHT="96">
            <Shape><Polygon POINTS="444 3003 444 3021 739 3021 751 3031 751 3033 753 3033 755 3033 758 3033 1408 3019 1408 3003 1408 2956 1015 2937 1013 2937 1011 2937 1008 2937 1008 2939 994 2951 765 2942 762 2942 760 2942 727 2954 484 2937 482 2937 479 2937 444 2954 444 3003"/></Shape>
	    <String CONTENT="chances que j’adore aussi."
                    HPOS="444"
                    VPOS="2937"
                    WIDTH="964"
                    HEIGHT="96"
                    WC="0.9945656015322759"></String>
          </TextLine>

          
          
          <TextLine ID="eSc_line_67c16ab1"
                    TAGREFS="LT4161"
                    BASELINE="521 3110 2286 3106" 
                    HPOS="519"
                    VPOS="3038"
                    WIDTH="1767"
                    HEIGHT="89">
            <Shape><Polygon POINTS="521 3110 521 3127 2284 3122 2286 3106 2281 3054 2174 3038 2171 3038 2169 3038 2127 3052 2127 3054 1972 3054 1970 3052 1954 3038 1951 3038 1949 3038 1947 3038 1944 3038 1905 3052 1902 3052 1895 3052 1799 3038 1797 3038 1729 3052 1717 3054 1621 3054 1614 3049 1591 3038 1589 3038 1586 3038 1584 3038 1542 3049 1532 3054 1362 3056 1186 3056 1172 3049 1156 3040 1153 3040 1151 3040 1149 3040 1121 3049 1099 3054 1034 3047 950 3040 947 3040 875 3047 809 3054 788 3047 769 3040 767 3040 765 3040 519 3045 521 3110"/></Shape>
	    <String CONTENT="Dans la voiture, je ne cesse de mettre et remettre"
                    HPOS="519"
                    VPOS="3038"
                    WIDTH="1767"
                    HEIGHT="89"
                    WC="0.9830419993400574"></String>
          </TextLine>

          
          
          <TextLine ID="eSc_line_0b6e50a2"
                    TAGREFS="LT4161"
                    BASELINE="444 3218 2281 3213" 
                    HPOS="442"
                    VPOS="3138"
                    WIDTH="1839"
                    HEIGHT="108">
            <Shape><Polygon POINTS="444 3218 444 3234 844 3246 847 3246 849 3246 851 3246 865 3234 868 3234 1181 3234 1184 3234 1359 3246 1362 3246 1364 3246 1390 3232 1392 3232 1469 3232 2052 3244 2054 3246 2244 3246 2244 3244 2246 3244 2281 3230 2281 3213 2277 3162 1996 3162 1991 3159 1951 3145 1949 3145 1947 3145 1944 3145 1942 3145 1926 3159 1923 3159 1832 3159 1832 3157 1809 3138 1806 3138 1804 3138 1757 3138 1755 3138 1752 3138 1750 3138 1727 3157 1724 3159 1720 3157 1692 3143 1689 3143 1687 3143 1603 3157 1584 3159 1577 3157 1556 3138 1554 3138 1551 3138 1549 3138 1547 3138 1504 3155 1500 3159 1359 3162 1331 3155 1284 3141 1282 3141 1191 3141 1188 3141 1186 3141 1184 3141 1167 3155 1156 3162 968 3162 952 3152 929 3141 926 3141 887 3141 884 3141 882 3141 879 3141 865 3152 854 3162 807 3152 755 3141 753 3141 678 3150 645 3155 638 3150 627 3141 624 3141 622 3141 620 3141 561 3150 517 3157 503 3150 486 3141 484 3141 482 3141 442 3148 444 3218"/></Shape>
	    <String CONTENT="les Rolling Stones. Moi, au bout d’un temps, je"
                    HPOS="442"
                    VPOS="3138"
                    WIDTH="1839"
                    HEIGHT="108"
                    WC="0.9915774870426097"></String>
          </TextLine>

          
          
          <TextLine ID="eSc_line_71248ad4"
                    TAGREFS="LT4161"
                    BASELINE="444 3318 2288 3323" 
                    HPOS="442"
                    VPOS="3248"
                    WIDTH="1846"
                    HEIGHT="103">
            <Shape><Polygon POINTS="444 3318 442 3335 1369 3351 1371 3351 2286 3339 2288 3323 2288 3267 2265 3251 2263 3251 2260 3251 2258 3251 2155 3269 2082 3269 2031 3269 2029 3267 1996 3251 1994 3251 1991 3251 1837 3267 1818 3267 1809 3267 1752 3251 1750 3251 1748 3251 1689 3265 1675 3269 1366 3269 1338 3262 1277 3248 1209 3248 1207 3248 1205 3248 1202 3248 1188 3260 1181 3265 1132 3260 1039 3251 1036 3251 1034 3251 1015 3260 1004 3265 994 3260 980 3248 978 3248 975 3248 973 3248 971 3248 933 3258 910 3265 901 3258 889 3248 887 3248 884 3248 882 3248 835 3258 795 3265 444 3255 444 3318"/></Shape>
	    <String CONTENT="finis par m’habituer. Eux, je suis sûr qu’ils en ont"
                    HPOS="442"
                    VPOS="3248"
                    WIDTH="1846"
                    HEIGHT="103"
                    WC="0.9889863392092147"></String>
          </TextLine>

          
          
          <TextLine ID="eSc_line_dba57201"
                    TAGREFS="LT4161"
                    BASELINE="444 3428 2073 3428" 
                    HPOS="444"
                    VPOS="3360"
                    WIDTH="1629"
                    HEIGHT="87">
            <Shape><Polygon POINTS="444 3428 444 3447 2073 3447 2073 3428 2073 3379 1972 3360 1912 3360 1909 3360 1907 3360 1905 3360 1905 3363 1888 3377 1886 3379 1453 3379 1441 3370 1427 3360 1425 3360 1422 3360 1420 3360 1418 3360 1415 3360 1404 3370 1401 3375 1142 3377 1085 3368 1048 3360 1046 3360 1043 3360 1041 3360 1036 3365 1025 3377 702 3377 641 3360 634 3360 631 3360 629 3360 627 3360 624 3360 589 3377 444 3360 444 3428"/></Shape>
	    <String CONTENT="leur claque mais ils n’osent encore rien dire."
                    HPOS="444"
                    VPOS="3360"
                    WIDTH="1629"
                    HEIGHT="87"
                    WC="0.9666580752186154"></String>
          </TextLine>

          
          
          <TextLine ID="eSc_line_74077e90"
                    TAGREFS="LT4161"
                    BASELINE="519 3536 2288 3536" 
                    HPOS="519"
                    VPOS="3463"
                    WIDTH="1769"
                    HEIGHT="89">
            <Shape><Polygon POINTS="519 3536 519 3552 2288 3552 2288 3536 2288 3480 2251 3463 2249 3463 2246 3463 2127 3480 2066 3463 2064 3463 2061 3463 1949 3480 1907 3463 1905 3463 1820 3463 1818 3463 1816 3463 1813 3463 1792 3480 1703 3466 1701 3466 1699 3466 1696 3466 1680 3480 1556 3480 1502 3466 1500 3466 1497 3466 1429 3480 1336 3463 1334 3463 1331 3463 1329 3463 1310 3480 1174 3480 1153 3466 1151 3466 1149 3466 1146 3466 1144 3466 1099 3482 891 3482 870 3466 868 3466 865 3466 863 3466 765 3480 709 3463 706 3463 704 3463 601 3480 552 3463 549 3463 547 3463 545 3463 542 3463 519 3477 519 3536"/></Shape>
	    <String CONTENT="Aprésent, on est sur l’autoroute. C’est la nuit"
                    HPOS="519"
                    VPOS="3463"
                    WIDTH="1769"
                    HEIGHT="89"
                    WC="0.98527309546868"></String>
          </TextLine>

          
          
          <TextLine ID="eSc_line_1494d552"
                    TAGREFS="LT4161"
                    BASELINE="439 3634 2281 3639" 
                    HPOS="437"
                    VPOS="3569"
                    WIDTH="1844"
                    HEIGHT="107">
            <Shape><Polygon POINTS="439 3634 437 3655 617 3674 620 3674 622 3674 664 3662 755 3674 758 3674 997 3660 1125 3674 1128 3674 1605 3662 1696 3676 1699 3676 1837 3662 2279 3662 2281 3639 2281 3585 2258 3571 2256 3571 2253 3571 2251 3571 2106 3583 1994 3571 1991 3571 1989 3571 1987 3571 1965 3587 1926 3571 1923 3571 1921 3571 1804 3587 1804 3590 1682 3590 1680 3587 1654 3571 1652 3571 1649 3571 1647 3571 1558 3587 1556 3587 1551 3587 1472 3571 1469 3571 1467 3571 1418 3587 1413 3587 1280 3587 1247 3587 1224 3569 1221 3569 1219 3569 1217 3569 1139 3585 1043 3569 968 3569 966 3569 964 3569 961 3569 940 3585 938 3585 439 3585 439 3634"/></Shape>
	    <String CONTENT="noire, on prend les phares dans la gueule. Devant"
                    HPOS="437"
                    VPOS="3569"
                    WIDTH="1844"
                    HEIGHT="107"
                    WC="0.9883994788539653"></String>
          </TextLine>

          
        </TextBlock>
        
        <TextBlock HPOS="2146.4052734375"
                   VPOS="3736.978515625"
                   WIDTH="145.8896484375"
                   HEIGHT="124.181884765625"
                   ID="block_1"
                   TAGREFS="BT10606">
          <Shape><Polygon POINTS="2146.41 3736.98 2292.29 3736.98 2292.29 3861.16 2146.41 3861.16 2146.41 3736.98"/></Shape>
          
          
          <TextLine ID="eSc_line_2b898b5f"
                    TAGREFS="LT4161"
                    BASELINE="2160 3826 2284 3821" 
                    HPOS="2157"
                    VPOS="3749"
                    WIDTH="127"
                    HEIGHT="93">
            <Shape><Polygon POINTS="2157 3774 2160 3826 2160 3842 2284 3840 2284 3821 2279 3760 2223 3749 2221 3749 2157 3763 2157 3774"/></Shape>
	    <String CONTENT="131"
                    HPOS="2157"
                    VPOS="3749"
                    WIDTH="127"
                    HEIGHT="93"
                    WC="0.997627854347229"></String>
          </TextLine>

          
        </TextBlock>
        

        
      </PrintSpace>
    </Page>
  </Layout>
</alto>
