2977 4210
659 390 1899 101 son polichinelle avec horreur. Rejet. Pur et simple

655 491 1903 103 refus. Sans doute qu’une arriérée, ça n’a pas la fibre

652 598 1908 89 matenelle. Normal. Le monde n’est pas si mal

652 699 1910 103 foutu: on ne peut y fabriquer des débiles à la

650 804 1674 94 chaîne; c’est la loi de la sélection naturelle.

737 912 1821 98 Peut-être aussi que ma gravosse est moins

648 1015 1910 102 lourde qu’elle en a l’air. Beaucoup moins baluche

643 1136 1915 87 en tout cas que toutes ces pétasses qu’on voit à

643 1227 1915 103 la télé contempler sans vergogne leur engeance

641 1330 1917 99 avec les yeux mouillés de larmes. La Yoyo, elle

638 1438 1910 108 n’adhère pas à leur propagande pour la perpétua¬

638 1541 1908 100 tion de l’espèce. Son chiard, elle n’en a que foutre;

634 1653 1921 96 elle ne veut même pas voir ce petit monstre avec

634 1754 1921 98 une cravate de sang entortillé autour du cou. Tout

636 1864 1917 88 bleu, le monstre. Comme celui que la Mariette a

631 1969 1913 91 chié un jour en faisant les foins; à cause du cor¬

631 2072 1920 103 don qui l’étranglait, le môme est devenu idiot. Un

631 2184 1093 105 enfant cyanosé, ça s’appelle.

718 2289 1828 103 Je dénoue le boyau gluant et le coupe avec mon

634 2392 1760 108 canif. Le môme reprend souffle, il a le hoquet.

730 2504 1811 103 — Mon pauvre Cyanure, j’ai dit, quelle entrée

641 2612 760 91 tu as fait dans la vie.

716 2713 1823 110 Zéphyrin arrange des chiffons en forme de nid.

643 2825 728 107 J’y dépose l’oiseau.

746 2932 1795 108 — Un beau nom, Cyanure, ça te va bien, mon

641 3052 311 98 poussin.

716 3150 994 105 J’entends l’eau qui chante.

725 3255 955 113 — Ça bout, dit Zéphyrin.

746 3370 389 100 — Donne.

704 3482 1835 105 Je tourne la tête, je vois le jardinier qui avance

613 3592 1914 110 vers nous, la casserole à la main droite. Dans

596 3793 106 98 60
