2977 4210
692 474 1915 87 Camion. Avant d’y monter, il se retourna. Clotaire

695 580 1907 98 n’avait pas bougé. Rémi monta, claqua la portière.

690 675 864 94 La bétaillère s’en alla.

777 788 1827 86 Clotaire en éprouva un immense soulagement. Il

695 891 1905 88 s’allongea sous le calvaire et s’endormit. La fraîcheur

692 994 1905 91 le réveilla. Il se leva, s’étira et, lentement, partit à pied.

779 1307 1816 89 Au bout d’une heure de marche, il quittait la petite

685 1410 1908 91 départementale et débouchait sur une route à trois

692 1517 1901 99 voies. Un peu avant Quimperlé, un panneau de tôle

685 1620 1908 89 émaillée annonçait un garage à trois kilomètres

685 1721 1908 100 Sur le bord de la nationale. Clotaire vit sur l’aire

683 1829 1905 100 des pompes Rémi qui discutait avec le garagiste.

683 1931 1736 92 Il détourna les yeux et poursuivit son chemin.

774 2030 1812 107 Ala sortie de Quimperlé, le 4x4 dépassa Clo¬

683 2137 1907 91 taire planté sur le bord de la route. Il ne s’était même

683 2247 1912 98 pas retourné pour le suivre des yeux et continuait

681 2348 1598 96 de lever le pouce pour arrêter les voitures.

767 2451 1823 96 Le 4x4 est revenu en marche arrière en faisant

676 2558 1905 94 rugir son moteur. La portière avant s’est ouverte,

681 2663 1497 99 cõté passager. Clotaire ne bougeait pas.

812 2762 1125 98 — Monte! lui a intimé Rémi.

767 2867 1470 94 Clotaire a secoué négativement la tête.

791 2972 971 98 — Monte, tête de nœud!

765 3073 1250 103 Cette fois, Clotaire a obtempéré.

765 3178 1821 91 Rémi avait remis ses lunettes de soleil, il a embrayé

674 3286 1682 86 en force, en poussant les vitesses, et il a dit:

769 3389 1821 95 – Le mécano a fait au mieux. Il a dit que c’était

676 3491 1910 157 vrament pour nous dépanner. Qu’il fallait y aller

664 3777 143 86 270

669 3597 269 91 mollo.
