2977 4210
809 425 1728 98 — Alors, il ne se lassait pas de vérifier, dit Clotaire.

765 530 1769 94 Il se retrouvait sur les lieux: cette route du bocage,

674 626 1865 92 bordée de haies, le 4x4 arrêté près de la barrière

671 736 1866 82 en bois fermant un pré et, énorme au-dessus des

674 837 1865 98 branches, le disque lunaire qui baignait d’une clarté

671 937 1863 89 minérale cet étonnant théâtre. Il revivait la scène:

674 1045 1867 96 Rémi apparemment de glace, lui rongeant son frein

674 1143 1860 87 et ce putain de môme qui s’échinait sans montrer

676 1246 1034 96 le moindre signe de fatigue.

762 1349 1779 84 La portière, elle aussi, ne se lassait jamais. A tout

674 1452 1867 84 coup, elle retrouvait son logement avec un bruit

676 1553 1858 84 sec. Ce n’était pas seulement le bruit du fer contre

674 1653 1865 87 le fer; il s’y mêlait un autre son, une modulation

669 1754 1872 89 caoutchoutée qui l’amortissait. Cette tonalité allait

671 1859 1861 93 S’amenuisant à mesure que l’expérience se pour¬

669 1957 1860 103 Suivait. Le gamin qui n’avait pas sa place dans l’uni¬

678 2074 1856 73 Vers des hommes l’avait remarqué. Il s’entétait parce

669 2163 1865 87 que dans son monde, le monde des choses, le seul

669 2261 1865 103 qui l’intéressât, le seul qui eût quelque importance

671 2364 1861 103 pour lui, il est impératif que les mêmes causes

669 2465 1858 100 produisent les mêmes effets. Cette condition néces¬

669 2570 1868 89 saire sinon suffisante est le seul remède contre sa

671 2671 1507 105 peur. C’est cela qu’avait expliqué la psy.

755 2773 1779 99 La garniture de la portière, passablement fati¬

674 2876 1865 94 guée, commençait à se décoller. Bientôt une bande

669 2979 1868 84 de latex noir toute craquelée sortit de sa gouttière.

669 3075 1865 101 Dès qu’il la vit pendre sous la carrosserie, Philippe

671 3183 571 86 se mit à hurler.

755 3281 1786 96 Rémi sortit de la voiture. Il ouvrit la portière de

669 3382 1870 102 Philippe, 1’attrapa par le col, et le secoua avec une

667 3487 678 86 extrême violence.

671 3662 136 87 172
