2977 4210
524 381 1931 98 de caoutchouc déchargeaient d’une camionnette

526 491 627 84 un motoculteur.

519 694 1933 103 Chez les pedzouilles je ne fais que passer! Juste

657 591 1791 87 Arrête les violons! Tu me vois apiculteur, moi?

526 797 1922 108 pour faire plaisir à Luna! Faut pas se gourer, ho!

526 905 1926 100 II a tapé sur l’épaule de Rémi et ajouté d’un ton

521 1015 1934 98 protecteur: Tu crois que j’ai pas compris comment

521 1117 1924 87 1’es, toi aussi? Je ne suis pas Cloclo, alors, me fais

519 1213 720 109 pas ton numéro!'"

610 1323 1838 101 Pendant ce temps-là les autres avaient fini le

517 1429 1921 102 déchargement. “Ils ont mis une autre pièce, expli¬

517 1534 1924 103 quait le paysan. Echange standard. Rien à payer.

519 1631 1924 102 J’ai dit que c’était pour vous, monsieur le curé."

606 1742 1835 105 Le père Terraqué l’a remercié et je me suis dirigé

521 1852 1917 103 vers eux. Rémi nous a rejoints, tandis que Philippe

512 1955 1929 98 repartait vers la cuisine. “C’est le bon Dieu qui

521 2060 1915 98 vous envoie, disait l’abbé au type en bleus. Ces

512 2165 1924 103 deux jeunes vont à Quimperlé, et ils sont à pied.

615 2268 1821 98 — Eh ben, ils sont en camion maintenant... Y a

514 2378 1924 98 pas à dire, monsieur le curé, la Providence, ça

505 2480 400 84 existe...".

599 2582 1832 105 Il a ouvert la porte de la camionnette. Philippe

507 2689 1917 101 était resté sur le pas de la porte de la cuisine. Nous

512 2799 854 87 Sommes allés vers lui.

662 2895 1765 103 Vous partez vraiment? a-t-il demandé. Vous

514 3010 1917 96 voulez pas rester un peu ?Le môme nous fixait

510 3115 1917 86 avec une intensité désespérée. Rémi a fait non avec

505 3215 1922 92 la tête. Javais la gorge serrée. "Vous reviendrez

502 3315 726 98 me voir, promis?"

592 3428 1832 89 On s’est forcés à donner notre parole. On aurait

507 3534 1908 105 juré n’importe quoi, on était tout sourire. Puis

2286 3714 141 98 267
