2977 4210
908 570 1657 98 Oui, aussi vrai que le souffle de Satan crée les

840 673 1732 82 tempêtes qui soulèvent les eaux salées jusqu’aux

847 771 1729 94 nuages, je tâche de me respecter. C’est pour ça que

856 863 1727 93 je n’ai pas voulu que les forces du Mal mettent

858 958 1723 92 leur nez là-dedans. On peut dire tout ce qu’on

870 1054 1716 92 veut de ce chenapan de Pipeau, mais il se respecte!

877 1160 1507 84 Comme je suis sûr que vous vous respectez.

959 1244 1629 91 Le malheureux gamin (que Dieu ait son âme,

884 1337 1716 96 je ne peux imaginer qu'elle soit si noire qu’il le

891 1431 1713 89 dit!) ne voulait causer qu’à vous seule, vous étiez

898 1524 1709 94 la seule personne pour laquelle il avait encore de

905 1618 293 82 l’estime.

987 1714 1627 93 Moi non plus, je n’ai jamais pu marcher en cour¬

912 1807 1699 89 bant la tête. Je ne vais pas vous raconter ma vie,

919 1903 1702 89 sachez seulement que j’aurais pu devenir comme

922 1988 1699 100 Iui. Ça, je l’ai bien compris, mademoiselle. Et

924 2088 1701 89 aussi, quand on est au centre de tant de malfai¬

929 2179 1168 94 sances, c’est que le diable l’a dicté.

1020 2266 1615 105 Vous, je sais que vous faites pour le Bien. C’est

931 2369 1706 84 pourquoi je vous envoie dans la confidence tout

933 2453 815 98 ce bataclan pas joli joli.

1015 2551 1624 84 Au revoir ma chère mademoiselle Luna, rece¬

938 2647 1699 82 vez avec mon adieu toutes mes fidèles, très res¬

936 2738 1086 82 pectueuses et honnêtes pensées.

1034 2827 805 82 Très sincèrement vôtre,

1373 2970 1278 96 François Ladouceur, patron pêcheur

1013 3113 1641 93 La psy ne se respecte plus depuis longtemps et

926 3201 1721 94 elle s’atend au pire; aussi hésite-t-elle longtemps

926 3295 1723 94 avant d’ouvrir le paquet. Quand finalement elle se

924 3391 1725 96 décide, elle commence par poser sa mince cigarette

919 3557 92 77 24
