2977 4210
800 418 1879 89 verre de mousseux et les a obligés à boire. Je l’ai

791 523 657 85 entendu bramer:

947 622 1105 98 — Un cul sec pour la mariée!

882 729 952 87 Il les a resservis aussitôt.

912 832 1332 96 — Et deux culs secs pour le marié!

875 930 1790 94 Fromage blanc et Boule de neige étaient verts.

788 1038 1882 98 Ils avaient beau lui faire signe que ça suffisait, le

784 1139 1219 100 marié n’en hurlait que plus fort:

891 1244 1774 96 – Non non, vous buvez tout de suite ou je me

784 1340 468 93 fâche, moi!

870 1443 468 98 Ils ont obéi.

877 1548 1784 100 – Et à la bouffe maintenant! Des jeunes comme

784 1658 1432 82 Vous, z’êtes en période de croissance!

861 1754 1795 91 Il leur a fait engloutir des tonnes de bidoche, du

772 1873 1877 84 fromage, des galettes, en ne cessant pas de leur ser¬

779 1959 1870 92 Vir à boire. Puis il a hélé la demoiselle d’honneur.

887 2065 1752 96 — Ho! La Lucette, viens donc voir un peu!...

774 2165 1870 99 Tu vas nous faire danser les Parisiens, ma belle!

854 2271 1004 100 Il a frappé dans ses mains.

917 2369 1182 103 — Et un rock pour les Parigots!

847 2472 1795 107 Il a poussé Fromage blanc dans les bras de

762 2579 1875 89 Lucette en lui balançant sur les fesses une claque

765 2692 288 79 Sonore.

931 2780 1198 101 — Tu vas voir, l’a du répondant!

840 2893 1795 82 Le blafard avait de plus en plus l’air d’un canard

753 2989 236 88 ahuri.

847 3082 1776 110 – Allez fais pas cette tête-là ! il a fait. Et yop!

755 3194 1866 99 Touche-moi un peu ces nichons! Et yop! Touche¬

748 3300 838 93 Z-y Si t’es un homme!

826 3398 1790 96 Le Canard et la fille ont imité les autres cou¬

739 3501 1875 107 ples. Et je te chaloupe, et je te chaloupe! La musique

730 3676 142 89 202
