2977 4210
535 577 1868 84 encore un mot et je t’assomme, douze ans ou pas!

662 472 1748 94 — Tu vas arrêter tes conneries, oui? Tu dis

624 671 1781 91 Clotaire le regardait et laissait faire, découragé.

538 776 1874 84 A SOn tour, il sortit de la voiture et alluma une

538 879 1872 98 cigarette. S’appuyant contre la barrière en bois, il

533 975 1872 100 contempla la lune. Des nuages effilochés la traver¬

535 1080 1870 89 Saient en ribambelles argentées. Il entendait der¬

535 1178 1505 101 rière lui les voix de Philippe et de Rémi.

638 1277 1763 112 – J’ai bien le droit de rigoler, non? Je rigolais,

535 1400 227 75 moi!

652 1482 1751 103 — Oui, tu as bien rigolé et nous aussi. Mainte¬

533 1595 669 81 nant tu te calmes.

657 1688 1748 101 — D’accord, d’accord! Je me calme, d’accord.

620 1796 1783 86 Il retourna s’asseoir dans son coin, au fond de

535 1899 1868 86 la voiture. Rémi lui jeta un dernier coup d’œil et, à

535 1999 1037 103 pas lents, rejoignit Clotaire.

638 2102 1760 98 — Le truc de Luna, ça marche pas à tous les

528 2212 270 94 coups.

617 2303 1784 89 Clotaire haussa les épaules. Il tira nerveusement

533 2411 990 84 Sur sa cigarette et l’écrasa.

674 2507 1713 98 — Tu sais ce qu’il a, ce môme? dit-il en évi¬

526 2607 1301 99 tant de regarder Rémi... Il souffre.

615 2713 1774 88 Rémi fit entendre un ricanement. Clotaire se

526 2830 854 81 retourna brusquement.

655 2914 1137 100 – C’estun écorché vif, Rémi.

627 3024 414 91 — Je sais.

669 3122 1093 93 — On devrait causer avec lui.

613 3218 1764 105 Rémi se retourna vers le 4x4. Philippe parais-

526 3323 440 89 Sait dormir.

674 3421 1139 103 — Tu as déjà parlé à un fauve?

629 3527 1257 102 – Je pourrais passer à l’arrière...

2265 3716 124 82 173
