2977 4210
922 1010 1050 103 ALALUMIERE D’HIVER

573 1340 894 89 Luna arrête la cassette.

606 1447 1502 103 — C’est comme ça que ça s’est passé?

596 1548 1819 98 — Il a tout inventé, ment Clotaire. On dirait

482 1660 1926 96 que vous ne le connaissez pas! Un vrai mytho, ce

489 1761 271 103 gosse!

566 1861 1849 106 La psy le regarde d’un œil dubitatif. Il se sent

477 1976 1931 98 rougir; il sait que sur sa peau café au lait, ça se

484 2086 192 89 Voit.

580 2177 1825 105 — Vous pourriez croire à une histoire pareille,

482 2287 1926 91 vous?... Enfin, Luna, vous la connaissez, la France

477 2390 1917 110 profonde! Il n’y a pas plus raciste que les pay¬

479 2500 1922 89 Sans... Nous, on s’est tout simplement désaltérés

479 2603 1704 105 tandis que Philippe dormait dans la bagnole.

561 2918 1835 89 Clotaire a la scène bien en mémoire: l’assis-

477 3028 1933 99 tance de plus en plus clairsemée, l’orchestre qui

477 3131 1933 89 attaquait ses dernières mesures. Si le môme avait

475 3234 1937 91 été là, il l’aurait forcément remarqué. Rémi et

475 3339 1937 103 Lucette s’étaient déjà éclipsés. Alors, remarquant

477 3449 1933 96 que personne ne faisait attention à eux, Clotaire

477 3555 1107 88 fait de même avec la mariée.

2274 3737 143 89 207
