2977 4210
496 486 1884 96 conduit goudronneux en s’aidant tant bien que mal

493 589 1880 82 1le leurs ailes de chauve-souris lustrées de cam¬

491 689 1879 96 bouis. J’entends une voix qui crie: “Vous n’êtes pas

493 795 1884 96 l1 pour vous palucher, mes mignons. Fini le vert

491 893 1879 112 l'iaradis des amours enfantines! Vous voici dans

491 1010 1877 75 1’enfer uranien et vous avez intérêt à respecter les

484 1099 1877 89 cadences! Avis aux branleurs !... Sinon, mes fré¬

489 1204 1413 101 ates, sinon, hein! panpan la riflette!

568 1305 1802 88 Je me réveille en sueur. Je me lève en marchant

479 1415 1887 81 cOmme un somnambule. J’aperçois derrière un

475 1515 1886 96 charreton, la mariée accroupie. Je m’approche

472 1613 1891 101 doucement et la regarde faire pipi. Elle n’en finit

477 1721 1879 98 plus, je n’ai jamais vu une pisseuse pareille. Je me

475 1819 1884 101 parde bien de bouger Quand elle a terminé elle sent

470 1927 1886 89 qu’on la tire en arrière par son voile. Elle a un petit

470 2032 484 84 rire satisfait.

571 2128 1373 103 — Dis donc, t’es jamais fatigué, toi.

552 2235 1797 99 C’est à Clotaire qu’elle croyait parler mais quand

463 2343 1879 84 elle se retourne, la phrase meurt dans sa bouche.

463 2444 1879 98 La pointe de mon crochet d’acier piqué dans son

461 2547 1874 86 voile crisse et l’ouvre et doucement le déchire.

456 2642 1879 99 Dans la lumière bleue de l’aube, au-dessus d’elle,

451 2752 1880 99 se découpe contre le ciel un visage qu’elle ne con¬

447 2851 1886 91 naît pas. Elle étouffe un cri. Le crochet finit d’arra¬

447 2956 1888 89 cher le voile et luit dans la jeune clarté du soleil

444 3061 1884 94 levant. La silhouette qui se tient au-dessus d’elle

442 3164 1884 96 est toujours immobile. La mariée demande dans

444 3267 440 89 un souffle :

542 3372 1026 98 — Qu’est-ce que tu veux?

519 3473 1805 98 Elle ne perçoit qu’un souffle court. Lentement elle

437 3583 1884 86 Se relève, évitant instinctivement les mouvements

2183 3753 141 89 211
