2977 4210
505 451 1905 96 ravie de me rencontrer. Ca, c’étaient des mots car

503 554 1909 98 clle aurait dû se souvenir de moi: j’étais avec

507 661 1582 99 Rémi quand il est venu emprunter la jeep.

610 757 1061 101 — Odile! s’exclame Luna.

615 860 1797 105 — Oui, Odile... Après avoir démoli la bagnole

498 968 1907 103 de Pierre-Henry, Rémi lui avait piqué sa femme.

505 1073 1903 89 Elle a répété:“Je suis enchantée de vous connaître

500 1176 1905 89 cnfin!... Rémi m’a tellement parlé de vous l’" Elle

496 1286 1909 96 m’a paru trop sincère. Je n’arrivais pas à croire

500 1386 1905 101 qu’elle avait oublié l’arnaque. Notre repas attendait.

531 1492 1870 100 'Ca ne vous dérange pas qu’on mange dans la cui¬

500 1592 1901 99 Sine ?"a demandé Odile. “Pas le moins du monde,

500 1695 1903 105 l’ai dit. En attendant, elle nous a servi au salon un

496 1803 1905 100 punch passion dans une écorce de maracuja évi¬

496 1906 1912 89 dée. Rémi avait dû lui faire la leçon, elle faisait

493 2013 1905 99 tout pour me mettre à l’aise bien que j’aie compris

496 2114 1909 100 qu’elle était plutôt déprimée, la jolie. Rémi m’a

496 2228 1902 85 adressé un clin d’œil coquin. “Elle sait Vivré, heim,

491 2324 1907 99 ma copine?"Je ne savais plus où me fourrer, j’avais

491 2427 1907 101 honte pour lui. Odile avait surpris notre échange

491 2533 1910 100 de regards mais si elle a vu que j’étais gêné, elle

491 2635 1903 101 n’en a pas tenu compte. Elle avait l’air complète¬

491 2738 1910 101 ment à côté de ses pompes. Pendant qu’elle était

489 2844 1905 91 dans la salle de bains, Rémi m’a dit que si j’en avais

491 2947 1900 98 envie... “Envie de quoi?’" j’ai demandé. “T’as

493 3054 1901 101 pas compris? Cette gonzesse, elle aime la queue.

491 3159 1903 99 Faut pas lui en promettre, je te prie de croire. Moi,

489 3265 1905 100 ça me dérange pas, hein, tu sais que je suis du genre

491 3363 1898 107 partageux!" On a entendu un sanglot dans la cui¬

486 3468 1912 87 Sine. Il a levé les veux au ciel d’un air excédé et s’est

484 3573 1905 110 excusé. Je les ai entendus se disputer. Je me suis

2263 3765 131 80 279
