2977 4210
627 439 1800 94 Au détour du chemin, on voit s’agiter une espèce

533 542 1886 84 de monstre, un être vivant bizarre dont l’accoutre-

533 645 1886 82 Ilent évoque à la fois un cosmonaute et un cheva¬

533 750 1889 92 lier teutonique. Cet étrange et monstrueux pantin

531 849 1886 98 nous à repérés. Il se dirige vers nous à grandes

528 954 447 96 cnjambées.

617 1050 1800 105 Je m’immobilise, pétrifié. J’ai bien cru que j’allais

531 1160 1886 95 prendre mes jambes à mon cou. Je regarde mes

531 1260 1886 98 gardes-chiourme qui déposent mes valises. Ils se

533 1368 1882 84 Sont doutés du tour que j’allais leur jouer et ils

528 1466 1882 98 font une sale gueule. Maintenant, ils en sont sûrs,

528 1571 1889 87 ces débilos, ils sont mouillés jusqu’au cou. Ils vont

524 1679 1477 79 1̀ leur tour entrer dans mon cauchemar.

613 1777 1802 96 Le curieux individu s’arrête à quelques pas de

521 1882 1889 96 nous et soulève son heaume. Apparaît le visage

521 1985 1887 87 d’un mec jeune, au regard bleu, aux cheveux blonds

521 2083 1894 96 bouclés. C’est le fameux curé. Il soupire d’aise et

521 2189 1887 110 respire profondément. Puis, après avoir jeté un

521 2294 1884 101 coup d’œil au ciel de plus en plus menaçant, il dit:

657 2397 1744 93 — On m’avait signalé un essaim. Je me suis

519 2495 1435 103 dépêché de le récupérer avant l’orage.

606 2600 1802 101 Il fait les deux ou trois pas qui le séparent du

519 2710 1886 94 trio et pose sa paluche gantée sur mes cheveux.

624 2804 1777 105 — Alors, c’est toi, Philippe ? Je désespérais de

519 2914 1886 84 1e voir arriver, mon p’tit vieux. Enfin! Tout est

517 3012 702 98 bien qui finit bien.

613 3108 1785 107 – Vous êtes le père Terraqué? demande Rémi.

613 3215 1781 101 — Oui, Terraqué Hervé. Laissez tomber le titre,

519 3330 1678 94 vous pouvez m’appeler par mon petit nom...

599 3426 1790 101 Il se dégante, touche la main de mes accom¬

514 3536 436 98 pagnateurs.

2263 3709 133 84 257
