2977 4210
540 287 1917 105 glissa le magnétophone et la cassette dans son sac.

538 395 1919 93 Elle continuerait à la maison, elle préférait écouter

538 505 1917 103 tout ça sans être dérangée. Il y avait aussi en elle

538 612 1917 99 une petite voix qui marmonnait: “Je suis le diable,

533 708 1924 109 Luna. Le diable. Toi-même, tu ne peux en douter...”

629 827 1821 96 Alberte aussi avait raison. Comme le gendarme

535 935 1917 98 à la retraite, comme l’abbé Terraqué. De son point

535 1050 1072 91 de vue, chacun avait raison.

642 1143 1808 112 “Je suis le diable, Luna. Le diable. Toi-même tu

535 1267 1917 103 ne peux en douter. Allons, regarde-moi si tu

540 1357 351 112 l’oses !”

620 1695 1837 105 À présent, Luna Murcia-Phœbus s’est plantée

528 1803 1924 103 devant le miroir et c’est elle qu’elle contemple.

533 1915 1924 89 Sous son casque noir, d’un noir roussi par les feux

528 2018 1920 103 de la géhenne, luisent comme une source empoi¬

531 2128 1437 89 sonnée ses yeux verts veinés de brun.

617 2226 1840 108 Comme la fleur de la jusquiame, se dit-elle en

526 2334 1929 112 même temps qu’elle pense: plante herbacée à

526 2446 1922 103 fleurs jaunes rayées de pourpre, propriétés narco¬

526 2547 1924 107 tiques et toxiques, “herbe des chevaux, l’herbe

524 2652 1240 110 aux poules”. On dit ça chez elle.

613 2757 1830 115 Depuis que Philippe a disparu du Vert-Paradis,

517 2872 1924 91 elle ne peut arracher son visage de son cerveau.

519 2975 1924 105 Peut-être est-ce bien sa figure qu’elle voit à la

519 3080 1922 110 place de la sienne. C’est qu’il était très beau, le

519 3185 1910 115 petit salaud! se dit-elle. Il était beau et il le savait.

524 3300 1914 96 Très brun, ses yeux d’un vert très clair éclairaient

519 3417 520 100 sa peau mate.

624 3513 1552 112 — La beauté du Diable, murmure-t-elle.

514 3704 92 89 44
