2977 4210
641 430 491 103 — Crédible 7

603 535 1236 105 — Oui. Crédible. Seulement ça.

620 643 1781 103 — Vous avez fouillé dans sa vie? Vous avez

512 755 1262 96 une autre version à me proposer?

608 853 946 98 — Je ne suis pas un flic.

613 954 1402 98 – Heureuse de vous l’entendre dire.

585 1061 1802 99 Clotaire a un air bizarre. Il s’approche en sou¬

500 1167 859 98 11ant, 1’air avantageux.

603 1265 1788 96 — Jai d’autres cordes à mon arc. (Elle a un

500 1370 1739 89 légcr mouvement de recul.) Vous êtes raciste?

596 1473 1788 101 – Ah, non, Clotaire! Vous êtes peut-être doué

496 1581 1884 98 II1ais ne me la jouez pas comme ça! Pas à moi!

594 1681 667 98 — Je plaisantais.

587 1782 491 96 — Mettons.

596 1885 1781 107 — Je comprends ce que disait Rémi en parlant

491 1997 328 91 de vous.

596 2086 667 105 — Que disait-il ?

587 2198 850 98 — Des trucs de mecs.

589 2306 805 98 –Je peux imaginer.

594 2406 1767 98 — Non. Pas ce que vous croyez. Vous êtes une

479 2514 618 84 chance pour lui.

594 2617 1774 96 – Il n’a pas reconnu sa chance, c’est ça que

484 2717 681 84 vous voulez dire?

559 2823 931 95 Clotaire s’arrête surpris.

568 2923 1793 96 – Il ne connaît pas sa chance, oui. C’est un mec

468 3028 1895 85 qui est né sous une bonne étoile, mais c’est un

468 3124 1881 101 imbécile. Je ne le comprends pas. Si j’étais lui...

552 3232 1800 103 Il s’interrompt. Elle le regarde d’un air inter¬

465 3337 304 101 rogatif.

551 3427 365 98 – Oui?

554 3538 620 94 Il secoue la tête.

2218 3723 138 87 221
