2977 4210
1163 1078 1041 100 ALALUMIERE D’HIVER

716 1398 1921 103 La voix de Philippe s’est interrompue sur la fin de

718 1503 433 89 la cassette.

814 1596 1422 102 — Cavous étonne? demande Luna.

802 1707 1828 93 Elle éjecte la cassette et la retourne sur l’autre

718 1812 204 94 face.

854 1920 1308 98 — De ce gamin, rien ne m’étonne.

814 2020 1804 101 – Maintenant, vous pouvez me le dire, Clo¬

716 2130 1905 101 taire... Après tout ça, vous n’avez plus revu Rémi.

887 2228 1139 99 —Pour moi, Rémi, c’était fini.

800 2331 442 99 Elle sourit.

807 2431 1018 95 – Mais vous l’avez revu.

795 2540 1809 102 Elle va poser l’index sur la touche play. Le gar¬

706 2647 1903 94 çon se sent mal à l’aise, il a la tentation de mentir.

706 2752 1901 85 Il retient la main de Luna et commence à se

709 2855 1153 89 défendre d’une voix hésitante.

826 2961 1769 98 – C’est lui qui a repris contact. Vous vous rap¬

706 3066 1894 98 pelez cette expression qu’il avait, jouer du violon,

702 3164 1900 91 il était orfèvre en la matière. Cette fois, il a fait don¬

704 3281 1898 77 nér tout l’orchestre. D’après lui, on était les mecs

704 3377 1882 100 les plus stupides qu’il connaissait, alors qu’il n’y

702 3482 1898 94 avait pas meilleurs amis que nous au monde. Il a

702 3587 1893 106 rappelé le bon temps, les rigolades qu’on avait eues

692 3763 141 86 276
