2977 4210
512 493 1870 96 finir notre bière et Rémi a pris gentiment le gamin

512 589 1870 107 par l’épaule. “Allez, Philippe, dépêche-toi. On a

505 691 1039 91 encore beaucoup de route."

601 799 1774 96 Le gosse s’est dégagé brutalement et a continué

507 898 1863 89 de ronchonner en buvant son Coca à la bouteille.

507 1001 1861 88 Je l’ai pris par le coude et l’ai secoué.“Allez, viens.

512 1098 1004 98 Tu finiras dans la voiture."

594 1202 1774 103 Il S’est mis à geindre. Il a même réussi à sortir

505 1309 641 99 quelques larmes.

629 1403 1737 105 Aie, a-t-il beuglé, tu me fais mal. T’arrêtes pas

503 1510 765 101 de me taper dessus!

589 1611 1781 91 Maintenant, ce salopard de môme pleurait comme

500 1714 1863 89 un veau. Un enfant battu, ça donne des idées. Les

498 1831 1875 84 consommateurs s’encourageaient mutuellement

500 1920 1868 98 du regard. L’un d’eux, plus soûl que les autres, m’a

503 2018 1863 91 lancé: “Dis donc, l’négro, tu lui fous la paix au

507 2128 391 100 p'tit gars ?

589 2219 1777 108 J’ai levé la tête, géné, puis je me suis penché à

498 2324 1861 103 nouveau vers Philippe et j’ai dit tout bas: “Viens,

505 2432 616 101 a schlingue ici.

585 2530 1778 103 Je me suis dirigé vers la porte, mais le pécore

496 2633 1865 87 eméché m’a devancé et s’est planté devant moi.

505 2740 1854 87 'Ah, oui, ça schlingue! Ca pue le singe, oui, depuis

498 2837 1858 95 que t’es entré, Bokassa!... Et touche pas à c’gosse,

512 2937 1367 89 NIal blanchi, tu vas lui refiler le sida.

585 3042 1778 99 J’ai serré les poings, prêt à la bagarre. Rémi a

498 3141 1861 100 tenté de s’interposer, mais Philippe l’a devancé. Je

500 3246 1854 86 111 Vu balancer sa bouteille de Coca dans le flip¬

503 3349 1851 96 lu't qui se mit à tilter tout ce qu’il savait et se plan¬

498 3447 1856 103 te1 devant le crétin. “Ta gueule, gros con! Parle pas

498 3557 1741 95 011ime ça à mon grand frère! Je te tue, moi!"

2237 3732 129 89 167
