2977 4210
943 1026 1039 99 A LA LUMIÈRE D’HIVER

493 1347 1912 96 Luna Murcia-Phœbus est psychanalyste. Elle tra¬

498 1452 1910 108 vaille au Vert-Paradis, centre médico-pédagogique

491 1553 1912 98 habilité à recevoir des débiles moyens et légers

493 1667 1910 98 présentant des troubles graves du comportement.

489 1768 1912 93 L’institution héberge une cinquantaine d’enfants,

489 1873 1912 101 de six à quatorze ans et, sur cette population, envi¬

486 1978 1912 98 ron un quart de psychotiques. Il existe deux classes

491 2083 1910 101 pré-scolaires et quatre classes scolaires qui vont en

489 2186 1909 103 principe du CP au CES. A une ou deux exceptions

491 2287 1907 105 près, le niveau moyen, extrêmement faible, ne

486 2392 1905 101 dépasse guère celui du cours moyen. La psy inter¬

491 2495 1903 101 Vient au sein d’une équipe spécialisée dirigée par

486 2596 1905 105 Mélanie Fromm-Bonpied qui comporte orthopho¬

484 2703 1903 96 nistes, kinésithérapeutes et rééducateurs divers;

484 2809 1905 88 elle s’occupe directement des enfants perturbés.

578 2914 1811 100 Si Luna, dérogeant à un principe qui, pour elle,

484 3017 1912 89 commence à s’établir, a allumé son téléviseur c’est

484 3120 1910 98 que son attention vigilante a été attirée par un fait

482 3222 1902 103 divers pour lequel elle éprouve quelque responsa¬

486 3323 1905 103 bilité et elle a décrypté l’émission de Jack Laguiole

482 3431 1898 103 avec une colère gonflée par une charge de culpa¬

482 3529 1666 107 bilité et d’échec dont elle ne peut se défaire.

2293 3714 91 89 21
