2977 4210
741 442 1894 102 le Noir, et il a l’air d’avoir du mal à reprendre ses

744 554 295 98 esprits.

739 757 1893 96 et dans neuf mois, hein, qui c’est qui va accoucher

863 647 1767 101 – Ét dans neuf mois, continue de blaguer l’autre,

741 853 852 108 d’un gros p’tit nègue?

828 956 1800 103 Machinalement la main de Boule de neige palpe

744 1066 515 84 autour de lui.

865 1157 1220 106 — Merde, Magali! Où elle est?

821 1267 1804 91 Il saute sur ses pieds, regarde autour de lui, sort

732 1375 1893 84 en courant comme un fou, sous l’œil interdit du

732 1475 1886 94 blanchon. Dans mon coin d’ombre, je les observe,

734 1585 1882 87 serrant dans mon giron, entre chemise et peau,

730 1684 1020 95 mon gentil serpent d’acier.

816 1786 1002 96 La suite j’ai pu la deviner.

814 1885 1802 100 Mon négro déboule sur la place du village. Il

723 1988 1891 102 court jusqu’à l’entrée de l’auberge, mais la porte

725 2090 1884 99 est fermée à clé. Il recule, lève la tête: à l’étage,

725 2196 903 89 une fenêtre est allumée.

809 2294 1788 108 Il y a un grand platane devant l’hôtel, il y

723 2411 316 93 grimpe.

807 2497 1804 96 De l’autre côté de la fenêtre, le lit nuptial et la

716 2607 1891 101 mariée assise dans le lit qui fixe la croisée, le regard

723 2713 1877 98 Vide. A côté, son époux ronfle sous un gros édre¬

720 2820 419 96 don rouge.

809 2911 890 94 Boule de neige sifflote.

807 3021 1797 89 Le regard de la mariée s’anime, elle aperçoit dans

716 3122 1886 103 l’arbre cette vague silhouette perchée qui se balance

713 3227 1887 101 comme un grand babouin. Je peux imaginer la ter¬

716 3337 1891 80 reur se peindre sur son visage. La forme se balance

718 3438 1882 98 de plus en plus fort et, soudain, saute pour se rattra¬

713 3534 660 105 per à la gouttière.

704 3723 136 77 214
