2977 4210
610 467 1185 99 Voilà comment ça s’est passé...

592 570 1816 101 J’étais seul sur le pont. Je barrais en fixant le

496 678 1912 86 taquet en me disant: si je tenais l’enfant de salaud

496 781 1909 98 qui a fait ce putain de nœud... Ce n’était pas un

493 884 1908 88 nœud de taquet, c’était un coulant à la mords-moi¬

493 996 1910 98 le-chose. Il coulissait en tant que vulgaire nœud

491 1092 1910 96 coulant imbécile et je matais les brins de chanvre

491 1192 653 89 d’un œil fasciné.

582 1298 1814 102 Je les voyais courir en pensant à la catastrophe

491 1398 461 94 lné luctable.

578 1503 1816 92 Il ne tenait qu’à moi d’arrêter le massacre mais le

489 1606 1902 103 plancher me cramait les pieds. Il faisait une chaleur

491 1714 1900 103 épouvantable, j’étais épuisé et j’avais l’impression

491 1821 1898 82 que le moindre mouvement me serait impossible.

573 1922 1816 84 Oui, ma lune, tout est arrivé à cause de cette

489 2025 1549 98 fatigue aussi épouvantable que soudaine.

575 2126 1809 88 Le soleil donnait comme un maboul. Je sentais

486 2245 1894 75 Son rayonnement sur ma tête et mes membres tan¬

484 2334 1896 98 dis que la corde brûlante se dévidait. Alors, j’ai

484 2434 1893 106 laissé filer le destin. J’ai même donné un coup de

486 2547 1259 84 barre pour en accélérer la vitesse.

571 2858 1802 96 Les cris des copains étaient bien loin quand le

489 2961 1881 84 vent s’est levé et le bateau a commencé à danser

486 3059 281 89 sévère.

566 3164 1802 103 Je suppose que c’est ça qui a fait sortir le père

482 3267 1886 98 José de son trou. J’ai été surpris car je le croyais à

482 3368 1877 95 la baille avec les autres quand il à surgi de la cam¬

482 3477 1884 87 buse. Il avait dans la main droite un couteau qui

482 3578 1884 112 dégouttait de sang. Dans la gauche, il tenait un thon

2228 3756 135 89 291
