2977 4210
751 451 1893 107 il épelle poooo-si-tioooo-nner. Je pige tout de

755 566 1887 93 suite: malgré ses airs de barlou affranchi, monsieur

753 678 1114 98 est véticul et c’est un ristepu...

835 781 1802 105 Luna fronça les sourcils et Clotaire, voyant l’air

746 907 1884 94 d’incompréhension qui se peignait sur son visage,

751 1012 524 94 s’interrompit.

847 1106 1774 105 – Ah, oui, il faut traduire, sans doute. Mon¬

751 1220 1870 96 sieur est cultivé et c’est un puriste... Comme ça,

753 1330 466 92 ça vous va?

833 1424 538 110 La psy hocha.

840 1529 1018 103 – Encore un peu de café?

837 1639 1580 98 — Et moi comment je vais dormir après?

837 1740 1772 98 – Un peu de rhum alors? Une cousine m’en a

744 1840 1856 103 rapporté de chez moi, une bouteille de vingt ans

746 1938 251 110 d’âge.

922 2046 795 94 —Si vous me tentez...

854 2147 1732 98 – Je suis une tentatrice, ne l’avez-vous pas

746 2250 672 84 encore remarqué?

830 2348 1765 98 Le garçon la regarda d’un air intrigué et attendit

744 2446 1842 89 qu’elle l’eût servi pour demander où il en était resté.

851 2540 1737 102 — A beurk, répondit la psy. Oui: à beurk et à

737 2649 458 94 positionner.

833 2738 1746 103 – Merci. Rémi faisait semblant de mélanger

739 2841 1830 110 je positionne et je positivise. Il a fallu que je tra¬

734 2942 1842 98 duise positionner: situer les gens... Il s’est fichu

732 3045 1840 96 de moi: “Ouais, de les mettre chacun à sa place, au

730 3150 1832 96 chaud, dans leur petite boîte, c’est ça qu’on vous

732 3244 1826 93 apprend à la fac?“ Et il continuait à se moquer:

762 3351 1796 98 “Permettez que je me présente: Berger Rémi,

725 3447 1828 98 demandeur d’emploi, érémiste de longue durée,

725 3550 1826 122 peut-être chômeur à vie. Mettons, puisque chacun

720 3725 96 89 92
