2977 4210
414 378 1921 92 Je ne sais plus où me mettre. Après m’avoir toisé

414 481 1919 89 des pieds à la tête, il fait passer dans le blouson le

414 589 1921 89 contenu des poches de sa vareuse déchirée puis il

414 692 1919 91 l’accroche tranquillement sur un cintre qu’il enterre

414 797 1921 91 au milieu des autres cuirs... Il me l’a dit plus tard

411 905 1917 103 que c’est mon uniforme et ma gueule de nègre sous

414 1008 1912 105 la casquette qui lui ont donné envie de me provo¬

411 1113 1922 107 quer. Une façon pour lui de répondre au défi que

421 1225 781 87 vous lui aviez lancé.

514 1321 1517 105 — Au défi? s’étonna Luna, quel défi?

507 1433 1828 103 — Il a prétendu que vous vous plaigniez qu’il

414 1534 1919 107 soit trop prévisible... Vous lui auriez demandé de

418 1651 515 82 vous étonner.

507 1751 536 99 — Le butor !

573 1854 620 101 — N’est-ce pas ?

493 1964 670 87 Clotaire souriait.

505 2060 1823 103 – Et voilà! fit Luna. Voilà comment vous êtes

404 2172 1922 94 entré à votre tour dans l’histoire... Vous avez un

411 2282 862 89 beau sourire, Clotaire.

491 2385 1692 103 Gêné, le garçon baissa les yeux et enchaîna.

507 2490 1817 103 — Rémi aussi : pendant qu’il opérait, il n’a

407 2603 1914 96 pas cessé de sourire. D’un coup sec, je le vois qui

407 2703 1914 89 arrache le mouchard agrafé sur le blouson et le

407 2813 1914 96 balance par-dessus son épaule puis, me tournant le

404 2916 1917 98 dos, il se dirige tranquillement vers la sortie de

402 3017 1915 110 l’hyper. Cest alors que mon chef rapplique. Il me

402 3124 1912 98 regarde d’un air entendu... Bon Dieu! Sans ça,

400 3232 1917 100 rien ne serait arrivé—pourquoi a-t-il fallu que ce

402 3337 1910 89 bœuf me surprenne? Je n’ai eu d’autre recours

407 3440 1902 103 que de crier: “Stop! Arrêtez-le!“ C’était pitoyable.

404 3543 1913 103 Rémi s’est arrêté surpris. Il m’a vu avec mon chef

2228 3737 89 94 87
