2977 4210
697 449 1877 95 roulait sur une départementale déserte. Le môme

702 554 1865 84 avait passé la moitié de son corps par l’ouverture.

786 647 1781 106 J’ai bondi par-dessus le siège et je l’ai rattrapé

692 753 1873 98 avant qu’il ne bascule complètement à l’exté¬

692 858 1877 86 rieur. Rémi a freiné et s’est arrêté. Il s’est assuré

692 961 1877 98 que je maintenais fermement Philippe, est descendu

692 1064 1870 91 et a fait le tour du 4x4. Ouvrant la porte arrière,

692 1157 1875 110 il a empoigné le gamin. “Ho! Philippe! dit-il

692 1270 1868 95 d’une voix blanche. Qu’est-ce que tu nous joues

690 1365 428 101 à présent?

774 1468 1786 101 Le môme, qui ne desserrait pas les dents, a éclaté

688 1571 1867 87 soudain de rire. “Je vous ai bien eus, hein? Vous

685 1674 1870 101 croyiez que je roupillais, alors vous avez relâché

690 1777 1863 91 Votre surveillance... Comme infirmiers de merde,

690 1882 1858 94 vous vous posez là! Je vais porter plainte, moi!

683 1983 1865 96 Pour non-assistance à personne en danger! Bravo,

685 2083 740 103 les anges gardiens!

842 2182 1706 98 — Le petit chieurl’" a fait Rémi les dents serrées.

762 2289 1784 87 Il a relâché son étreinte et Philippe s’est rassis

676 2392 1870 101 bien droit, balançant un pied en jouant avec on ne

678 2502 506 94 Savait quoi...

762 2801 1784 99 En voyant Luna feindre la surprise, Clotaire

678 2914 496 89 S’interrompt.

777 3005 1767 96 – Vous l’avez deviné, c’était ce putain de

667 3108 1872 96 crochet. La pointe devait dépasser de sous la ban¬

669 3215 1868 94 quette et, à notre insu, le môme jouait innocem¬

669 3321 423 77 ment avec.

765 3410 1769 110 – En toute simplicité, fait la psy en levant les

671 3522 475 93 yeux au ciel.

669 3693 131 98 164
