2977 4210
847 446 1785 91 débuté. A part que j’étais bien au chaud au creux de

847 547 1788 96 nulle part à me morfaler et biberonner du sucré tout

851 654 1779 89 mon soûl quand, tout d’un coup, je me suis retrouvé,

847 746 1783 88 claquant des dents dans le froid, crevant de faim et

854 853 1603 94 de soif, avec un goût amer au fond du gosier.

938 949 1690 87 Alors, avec moi, pas de violons. Je ne vais pas

851 1047 1777 87 m’amuser à vous raconter des bobards. Ce qui m’est

854 1143 1774 98 arrivé est historique. De l’authentique, de l’objectif

854 1241 1769 103 strict, sincère, véridique, certifié. Du vrai de vrai.

945 1543 906 84 Attention, je commence!

940 1637 1685 86 Il était une fois deux humains, un homme et une

858 1733 1760 98 femme. Le mâle a monté la femelle qui s’est retrou¬

865 1833 1758 96 vée grosse. Pendant neuf mois, elle à hébergé

856 1929 1765 94 douillettement dans sa chair pansue leur engeance

861 2025 1764 98 innommable puis, dégoûté et épuisée, elle l’a

858 2123 1765 96 expulsée de son corps avachi. C’est ainsi qu’un

861 2219 1755 103 petit être vagissant sut précipité dans l’égout glacé

861 2317 1760 96 où, on se demande bien pourquoi, I’espèce réussit

865 2425 387 72 à survivre.

947 2509 1669 96 La mère avait rêvé d’appeler le premier mâle de

865 2605 1744 96 sa couvée Kevin; le géniteur en tenait pour Phi¬

863 2703 1753 98 lippe, nom de baptême de son arrière-grand-père

861 2794 1750 101 paternel. A cause d’une pléthore de Kevin sévis¬

858 2893 1756 86 sant à l’époque chez les prolos et du mépris du père

858 2991 1751 96 pour les séries télé, la génitrice se rangea à son avis.

856 3082 1755 101 Il se nomma donc Philippe. Topineau Philippe, fils

851 3173 1758 110 de Topineau Pierre-Henry Philippe et de Marie-

849 3274 1765 89 Christine Mélanie Germaine, née Mahé-Grivot,

851 3379 1758 89 son épouse. Mais, pour tout leur entourage comme

842 3548 89 86 28
