2977 4210
669 418 1872 108 chance ne fut pas donnée non plus à Philippe Topi¬

676 521 1868 98 neau qui eut à subir comme presque tout le monde,

678 617 1540 101 cette étrange farce qu’est la vie en famille.

767 713 1795 103 Son expérience propre a été très différente de

688 809 1874 100 celle qu’a vécue Vallès dans L’Enfant où le fonction¬

697 916 1875 87 nement familial est cruellement exposé. L’enfance

699 1010 1873 103 de Ph. ne fut pas particulièrement malheureuse:

704 1113 1877 100 elle le fut profondément certes, mais ne connut

709 1213 1870 101 pas drames, vexations et pleurs ⟦dont on a pris

716 1309 1872 91 l'habitude de faire les bons spectacles⟧. Il a été

720 1415 1870 95 choyé par des parents aisés et ouverts; mais, du

725 1517 1861 87 monde extérieur, de la vie, il ne connaissait rien.

737 1611 1856 103 S’il ignora l’idéologie du travail, les mesquineries

739 1714 1856 103 rigides de la morale petite-bourgeoise, il n’eut pas

746 1819 1851 87 non plus à subir la rigueur d’une éducation reli¬

755 1913 876 105 gieuse. Mais il étouffait.

840 2023 1767 86 Avec un certain recul, ces années, agrémentées

765 2121 1837 103 de l’épisode cow-boys et Indiens (voir annexe 1).

769 2224 1840 103 qui, même s’il s’était terminé de façon traumati¬

777 2324 1841 103 sante, avait été vécu de l’aveu même de l’enfant

784 2437 1837 86 comme exaltant et enrichissant, auraient pu lui

791 2540 1832 98 apparaître davantage comme une comédie un

798 2642 1827 103 peu douloureuse que comme une tragédie. Cette

805 2748 1823 89 constatation nous a aidé dans notre analyse: la

816 2851 1805 100 vie familiale est une sorte de commedia dell’arte,

819 2961 1813 100 sans texte fixe, mais dont les personnages, les

821 3063 1811 103 situations et les péripéties sont établis par la tradi¬

826 3171 1811 103 tion, si bien qu’ils ne sont jamais découverts par les

828 3276 1814 106 spectateurs, mais retrouvés. À l’infini, les familles se

830 3386 1814 108 répètent: ce qui convient à une l’est pour presque

833 3501 262 86 toutes.

840 3688 93 91 46
