2977 4210
1085 987 752 93 MAUX D’ENFANT

903 1092 1126 91 SOUVENIRS D’EN FRANCE

1764 1393 632 110 K7 n° 3-face B

521 1604 1875 101 Ça me réjouira de voir une ferme brûler. Je dois

521 1712 1875 98 bien ça à Victor, celui que les Indiens ont appelé

517 1814 1877 99 Renard enragé. Comme je n’ai pas encore eu l’occa¬

517 1920 1879 84 SiOn de te raconter son histoire, ma psy d’amour, la

521 2037 227 77 VOIci.

596 2114 1798 93 Quand Victor a été recueilli par les Indiens, il

510 2224 1881 91 avait une quinzaine d’années. Il venait de s’enfuir

507 2322 1882 101 de la ferme où il avait été placé par la DDASS. Brimé

510 2430 1879 105 par sa patronne, il avait d’abord gagné quelques

507 2537 1880 96 pourboires en prêtant sa caboche aux vacanciers

503 2633 1886 103 qui le scalpaient pour de faux. C’était tout au début

503 2736 1879 91 de la tribu, quand cette histoire d’Indiens de Sologne

503 2844 1411 98 n’était encore qu’un jeu de demeurés.

592 2937 1792 103 Ala fin d’un week-end, épuisé et affolé, Victor

500 3045 1880 96 déboule au milieu du campement et demande si,

503 3150 1879 103 par hasard, il n’y a pas de place dans une voiture

503 3248 1877 105 pour l’emmener à Paris. Eclat de rire général. Je ne

510 3356 1863 98 vois pas ce qu’il y a de drôle, il dit surpris et vexé.

500 3454 1877 91 Nouvel éclat de rire. Craintif et inquiet, Victor se

498 3559 1882 115 dandine sur ses jambes. Géronimo, le chef, sourit

2251 3737 122 91 191
