2977 4210
442 435 1837 95 m’extraient de la caisse. A coups de pied et de

444 533 1833 103 poing, je me débats comme un fou furieux. Le nègre

442 638 1835 96 m’empoigne par les cheveux et me regarde dans

444 739 347 95 les yeux:

578 830 1699 105 — Maintenant, Philippe, ça suffit. Tu te calmes!

517 937 1760 106 Ça, c’est pas honnête: ce dégueulasse applique

437 1043 901 89 les instructions de Luna.

538 1139 1739 102 — Tu vas arrêter, oui? braille Fromage blanc.

439 1246 1835 91 Tu vas les arrêter, tes conneries?... Hein, tu vas les

432 1349 302 87 arrêter ?

507 1447 1774 91 Je me débats et lui balance mes écrase-merde à

428 1553 1849 91 bout ferré dans les tibias. Il veut me donner une

428 1653 1849 94 torgnole à son tour. Mais Boule de neige l’écarte

423 1763 1851 98 et assure sa prise dans mes cheveux tandis que

425 1864 1852 88 l’autre lui tourne le dos. Je me marre : je sens ce

421 1964 1858 103 con de Fromage blanc tendu à mort. J’intercepte un

423 2072 1849 98 regard de Boule de neige vers son copain. Paumé,

423 2179 1854 96 le négro. Il comprend son collègue parce que, lui

423 2278 1854 100 aussi, il est dépassé. C’est pourquoi il se cramponne

421 2380 1853 106 au conseil de ma psy. Il me fixe jusqu’à ce que je

418 2483 1856 99 baisse les paupières. Je redeviens calme comme

416 2586 1856 92 elle avait dit. Un petit enfant boudeur de rien du tout.

416 2694 1854 105 Mais je rigole: je fais ça parce que je le veux bien.

582 2797 1685 105 T’as plus envie d’y aller chez le roi des

416 2902 1306 91 abeilles? demande Boule de neige.

493 3010 1779 103 Je secoue la tête et regarde Fromage blanc par

411 3120 422 86 en dessous.

510 3213 1767 112 — Si. Je préfère les bêtes que les gens... Sont

404 3330 532 87 moins connes.

486 3421 1777 113 Je sens le nègre bouillir mais il s’efforce de de¬

402 3536 529 91 meurer calme.

2146 3718 121 96 151
