2977 4210
608 416 1203 107 —Tu as raison, Zéphyrin, je dis.

526 519 1814 93 Je le sens arriver derrière moi. J’ouvre les veux.

437 624 1908 89 Inutile de me retourner pour voir sa face idiote qui

437 722 861 101 riboule des quinquets.

617 818 962 105 —Tu vois ce que je vois ?

521 919 1817 105 Je lui montre le milieu du pont. Il y a un joli

432 1019 1903 94 charivari d’ailes et de cris. Je lui tends mes jumelles.

528 1117 1810 110 — On dirait qu’on a des clandestins à bord. (Je

435 1225 1898 105 sens déjà l’embrouille.) Prends la barre, Zéphyrin,

430 1333 1908 98 et conserve le cap. Je vais mettre un peu d’ordre

428 1429 592 98 dans ce bordel.

517 1527 1816 110 Je dégringole l’escalier de la passerelle et je cours

430 1634 1901 96 vers le chambard. Elles ont beau me voir arriver,

425 1737 1915 89 elles s’en foutent, les mouettes, elles continuent

425 1840 1906 91 leur bacchanale. Elles ne s’envolent, et encore pas

428 1943 1905 94 toutes, que lorsque je suis sur elles. Alors, c’est un

423 2046 1908 101 nouveau rideau qui se lève sur tout le bastringue.

425 2147 1906 91 Au milieu d’une carcasse de 403 au toit éventré, je

428 2254 1907 98 devine une masse de tissu blanc qui s’agite en

425 2352 1903 94 braillant. Un coup de vent met un peu d’ordre dans

428 2462 1896 101 tout ça et j’aperçois ce que la robe retroussée jus¬

428 2558 941 105 qu’à la taille dissimulait.

512 2661 1816 108 Sous l’envol de l’étoffe qui la découvre, je recon¬

421 2769 1905 100 nais cette large figure de pleine lune. Bras écartés,

423 2874 1910 94 la grosse Yolaine se cramponne aux montants de

423 2979 1910 103 la carrosserie. Ses pognes se crispent sur le métal

421 3087 1905 96 rouillé et coupant. Elle a les cuisses grandes ouvertes,

423 3190 1903 105 son pied gauche plonge dans la banquette défoncée.

421 3293 1910 103 Je suis surpris de voir tous ces poils qu’elle a sur le

425 3400 1901 91 ventre, on dirait une photo cochonne ringarde. Alors

421 3501 1903 103 que Yoyo n’est qu’une petite fille de treize ans,

2232 3683 99 89 55
