2977 4210
585 442 1849 98 et le reste. Faut se taper ces putains de routes bre¬

585 549 323 94 tonnes!

671 643 1770 103 Ilse lève et je rencontre ma gueule dans le

578 746 1863 93 miroir obscur: je suis barbouillé de chantilly. Un

578 849 1858 107 masque, une bouille de simple d’esprit. Au Vert¬

578 954 1860 98 Paradis, y a des bobines comme ça, des cabèches

578 1057 1858 103 sévères. Une vraie tronche d’innocent, j’ai. Fro¬

575 1162 1861 110 mage blanc m’agrippe le bras. A quoi bon se rebif¬

575 1267 836 101 fer? Je ne résiste pas.

662 1370 1779 108 Je vois derrière moi Clotaire qui laisse de l’argent

573 1480 1861 96 sur la table avant de nous rejoindre. Au passage

582 1583 1856 103 l’ai un dernier regard vers la gamine qui me tend

573 1691 1861 84 son nounours, cette connasse. Je shoote dedans de

573 1793 1865 96 toutes mes forces et je fais un grand sourire à la

573 1894 1858 103 petite fille qui, elle, ne sourit plus. Le panda s’en¬

575 1997 1856 98 vole, frôle la tête du père en décollant sa mou¬

568 2102 1863 87 moute, file vers une console où la peluche s’éventre

573 2207 1858 85 Sur un bouquet de couteaux à steaks qui tombent

568 2306 1854 91 avec fracas dans une pluie de flocons éblouissants.

652 2614 1770 99 Mes anges gardiens se sont empressés de m’en¬

564 2717 1860 87 trainer hors du restau pour éviter un drame. Quand

564 2818 1855 89 on s’est approchés de la caisse, ils faisaient sem¬

564 2918 1858 101 blant d’être détendus et souriaient. Après avoir

566 3026 1856 87 ouvert les portières, Rémi s’installe au volant et

564 3127 983 103 me regarde. Je bouge pas.

732 3227 1004 103 — Qu’est-ce que t’attends?

652 3328 1767 105 Il a crié mais je reste figé à l’extérieur. Devant

566 3433 1851 103 le Black qui attend, je me dandine en fixant le

571 3531 1839 117 4x4. Je tremble, je claque des dents. Cette putain

568 3707 141 100 160
