2977 4210
854 425 1734 94 — On était morts de peur, on ne pensait qu’à

725 521 1868 91 notre peau. Alors, Rémi a shooté dans la jambe du

725 624 1868 91 môme et il a enfoncé son pied sur la pédale de frein

723 729 1870 94 en lui flanquant un coup sur le nez. La voiture a

727 820 1866 110 pilé. Il a bousculé Philippe: Allez, saute, hop! à

730 930 1858 89 l’arrière. Le gamin terrifié à escaladé le siège.

727 1036 1861 98 Moi, incapable de me contrôler davantage, je me suis

725 1141 1854 93 mis à crier: “Tu veux pas y ariver chez ton curé?

737 1239 1633 84 Tu veux qu’on se farcisse les flics, c’est ça?

809 1337 1777 89 Le môme a haussé les épaules: *Oh, les tristos!

725 1443 1861 100 il geignait. C’était pour se marrer! On a bien rigolé,

720 1541 1873 103 non?"Il hoquetait. Rémi a démarré brusquement

720 1644 1866 103 et Philippe a poursuivi, l’œil vicieux: “Notez, je

725 1749 1856 87 vous ai sauvé la mise, hein? Parce que... qu’est¬

718 1854 1865 98 ce qui prouve que vous dites vrai? Vous avez pas

718 1952 1865 99 de papiers! Et vous avez vu vos tronches? Vous

720 2055 1861 85 avez l’air d’être des infirmiers comme moi de sor¬

720 2156 1655 101 tir de Polytechnique!" Il s’étranglait de rire.

805 2259 1781 96 J’ai ouvert la boîte à gants et en ai sorti la grosse

713 2366 1868 94 enveloppe que vous m’aviez confiée pour com¬

718 2467 1872 101 pulser les papiers qui s’y trouvaient. Il y avait

720 2568 1866 86 l’argent, l’adresse du curé et c’est tout!... Pas même

716 2668 1507 91 les papiers du môme, pas de lettre, rien!

798 2766 1788 103 Philippe m’observait, plié en deux:“Mort de

711 2869 1870 103 rire, je suis! (Il hoquetait.) Si les flics vous alpa¬

713 2970 1875 103 guent, vous êtes bons! Kidnapping! Ha ha! Ha ha

711 3082 1870 96 ha! Et moi, si je vois une bourrique, j’vais pas me

713 3183 1873 98 gratter pour vous dénoncer! Surtout maintenant

709 3276 1878 95 que vous avez foutu le feu à la taule du pécore."

795 3384 1788 98 Rémi a freiné, la voiture a encore pilé, et il s’est

711 3487 1662 103 retourné, fou de rage. “T’es qu’un petit con !

711 3672 129 81 188
