2977 4210
491 435 1760 102 À cet égard, la famille Topineau me paraît en

418 535 1840 96 quelque sorte exemplaire: si elle n’a pas mené une

428 633 1837 87 vie absolument régulière, rien ne semble avoir

425 727 1847 107 prédisposé Philippe ⟦à la dépravation⟧ aux perver¬

432 830 1852 89 sions. C’était une bonne famille, aisée, libérale et

435 930 1858 101 cultivée, étrangère à toute forme ⟦de religiosité⟧ de

435 1031 1865 94 sectarisme. Les troubles de fonctionnement de

442 1134 1867 96 l’enfant ne peuvent pas être mis sur le compte de

442 1230 1870 103 la misère, de l’ignorance ou de quelque fanatisme.

444 1330 1875 96 De toute façon, dans les pays à haut niveau de vie,

447 1433 1881 103 il semble que ce type de famille tende à l’emporter.

447 1534 1893 91 Au moins comme modèle. Mais, c’est là que le

449 1634 1891 106 bât blesse. Le spectacle qui a tout envahi a changé:

449 1740 1896 98 sa forme postmoderne s’exerce sans doute d’au¬

451 1843 1690 88 tant mieux au cœur des familles de ce genre.

545 2151 1816 103 Les deux dernières phrases lui paraissent aujour¬

456 2252 1910 96 d’hui hors sujet. Luna lève les yeux. C’est elle qui

456 2355 1910 112 a écrit ça! Et il n’y a pas si longtemps... De fait,

456 2462 1905 106 il y a neuf mois à peine. Avant que le Dr Fromm-

456 2568 1905 103 Bonpied suive son avis et expédie le petit monstre

456 2675 503 103 en Bretagne.

545 2773 1811 113 Ça lui arrive maintenant de plus en plus sou¬

458 2888 1905 98 vent de se ranger à son jugement: c’est en effet

456 2984 1900 110 grâce à elle que Mélanie Fromm-Bonpied a com¬

451 3094 1903 112 pris que l’ethnopsychiatrie peut avoir quelques

454 3204 1900 91 vertus scientifiques et, dans tous les colloques, elle

444 3309 1903 94 ne manque pas de pousser la jeune femme en avant.

444 3412 1905 105 Non seulement parce qu’elle aime sa manière de

449 3520 1898 107 voir mais, la psy ne peut plus en douter, parce

2258 3709 84 84 47
