2977 4210
777 547 1422 100 un débile, il s’est échappé de l’asile...

905 449 1746 100 — Faut pas faire attention, il est malade. C’est

774 750 1865 94 démarrer et stoppe à notre hauteur. Boule de neige

868 652 1779 98 Fromage blanc, qui a repris le volant, vient de

774 846 1863 110 me pousse à l’arrière et saute à l’avant. Je n’ai pas

774 947 648 96 cessé de gueuler.

872 1036 1760 107 – Un débile! Un débile!... Enfoiré de nègre!

868 1143 1383 98 — Mais tu vas te taire, petit enculé!

870 1234 1767 106 – Cul blanc et Cul noir! Ah! Ils sont beaux,

774 1337 597 89 les éducateurs!

858 1436 1779 105 Le Fromage en rage fait grincer les vitesses. Je

769 1541 1863 96 continue de brailler en donnant des coups de poing

772 1641 1863 85 et des coups de pied dans tous les azimuts, en beu¬

777 1740 961 96 glant que je les emmerde.

954 1836 1683 98 -Si les flics vous chopent pas, moi je vous

767 1936 1592 96 retrouverai! Et je vous casserai la gueule!

858 2032 1779 98 Boule de neige joue au chic type, il essaie de

765 2147 524 70 e râisonner.

898 2226 1154 101 — Allez, sois sympa, ferme-la.

856 2329 1776 84 Satisfait d’avoir obtenu une réaction, je baisse

762 2427 1873 99 d’un ton mais pousse un peu plus loin le bouchon.

872 2523 1758 98 – Heureusement qu’il y a eu la vieille bique!

760 2626 1865 84 T’avez vu sa tronche. Sûr que c’est une vipère!...

765 2720 1870 91 Ça va faire le tour du bled, ce binz!... Un débile, un

762 2816 1662 93 loubard et un cannibale! Ouafff! Ouafff!...

849 2923 1786 96 J’éclate d’un rire bruyant et forcé, qui grimpe dans

760 3021 1872 87 l’aigu, quand soudain, Boule de neige se retourne

760 3122 1875 86 et, de toutes ses forces, me balance une baffe sur

760 3215 377 103 la gueule.

846 3308 1607 95 – Le petit salaud! Il est arrivé à ses fins !

842 3419 1790 86 Je me tasse sur la banquette arrière. Je saigne du

753 3520 829 86 nez. Je ne moufte pas.

746 3704 143 73 230
