2977 4210
601 413 995 110 d’abord payer les dégâts.

697 306 1884 105 Le gros crochait Rémi par le bras. “Faudrait

704 516 1863 110 – D’accord, d’accord, fit Rémi en se déga¬

601 636 1002 100 geant. Je vais vous aider.

692 741 1882 96 Pour temporiser, il se baissa pour commencer à

596 853 1538 103 ramasser les marchandises éparpillées.

723 956 1842 98 "Bon Dieu!’" Clotaire venait de repérer sous la

594 1066 1973 117 pluie Philippe qui se baladait à cloche-pied sur le

592 1181 1966 107 terre-plein central et, bousculant les deux pom¬

594 1291 1966 107 pistes, il se rua vers la sortie du libre-service. Rémi

594 1408 1966 100 qui voulait le suivre fut intercepté par le reste du

594 1517 758 101 personnel accouru.

716 1616 1830 114 "OK, OK, fit-il, va le chercher, Cloclo. Moi, j’ar¬

592 1737 566 108 range le coup.

702 1845 1842 105 — Mon con joli, si tu crois que ça va s’arran-

596 1957 714 103 ger comme ça!...

676 2058 1872 110 La voix du balèze poursuivait Clotaire. La pluie

585 2172 1966 106 qui avait redoublé nimbait la scène d’une aura

585 2278 1963 114 fantastique. Eclaboussé de gerbes d’eau que la lueur

585 2397 1961 103 des phares irisait, il courait en zigzag entre les voi¬

587 2504 1964 106 tures. Des coups de klaxon rageurs éclataient de

589 2614 1962 103 tous les côtés. Des véhicules freinaient, glissaient,

594 2731 1957 101 partaient en toupie. Les vitres se baissaient, les

592 2839 629 98 lnjures fusaient.

678 2944 1875 110 Clotaire qui était parvenu enfin sur le terre-plein

587 3056 1964 113 central aperçut le gamin deux cents mètres plus bas.

711 3159 1842 127 Philippe! cria-t-il. Philippe! Déconne pas,

587 3276 325 96 merdel’

674 3389 1884 112 Le vent emporta sa voix. Le môme gambadait

585 3505 1963 108 de pirouette en cabriole. Il ne l’entendait pas ou

587 3613 1184 101 bien il faisait la sourde oreille.

589 3817 127 88 144
