2977 4210
538 446 1807 101 Ce n’était rien qu’un petit vicieux, ça, je l’ai

447 549 1891 89 compris des le début. Il avait sans doute toujours

447 654 1898 101 quelque chose à se reprocher, vu qu’il ne regardait

447 757 1898 96 jamais les gens en face. Tenez, comme s’il avait

449 860 529 103 peur, je dirais.

538 961 1802 105 (...) Ce qu’il m’a fait est très grave, oh, pas pour

444 1066 1898 101 moi: depuis que j’ai eu ma descente, je suis blindée

444 1171 1894 101 et, avec mon retour d’âge, il y a longtemps que je

442 1272 1893 89 ne m’intéresse plus à ces bêtises tout juste bonnes à

444 1377 1891 87 échauffer les hommes si saints qu’ils soient. Si vous

449 1480 1886 87 voulez savoir, je ne me suis jamais intéressée à ces

449 1585 1889 96 saletés d’ailleurs; mais, à supposer que ce petit

447 1684 1458 100 saligaud ait fait ça à une gamine hein?

531 1786 1804 101 C’est comme pour le chien. Il avait fait son

442 1892 1893 86 temps, Dick. Il sentait très mauvais et n’était guère

447 1995 1888 98 vaillant, mais le pauvre, il ne demandait qu’à être

444 2095 1091 98 flatté et il était sans défiance.

528 2203 1800 103 A la rigueur pour les gens, je peux comprendre,

439 2306 1892 103 vais je ne supporte pas qu’on fasse souffrir les

442 2416 365 81 animaux.

1539 2521 792 89 ALERTE JAOUEN,

1308 2621 1020 92 gouvernante de l’abbé Terraqué.

528 2923 1800 101 C’était un pauvre gamin. Vraiment pitoyable.

444 3024 1891 91 Un écorché vif. Je n’ai jamais rencontré un être

439 3131 1899 87 humain qui crevait d’un tel manque d’amour. A la

439 3234 1892 110 fin, je commençais à le comprendre et j’ose pen¬

449 3344 983 98 ser que c’était réciproque.

524 3440 1811 103 Je crois que sa fin tragique est due en grande

439 3543 1896 103 partie à mon insigne maladresse. Si j’avais été

2253 3739 92 78 39
