2977 4210
720 444 1833 100 le ventre du panda et se met à pleurer silencieuse¬

720 549 1835 87 ment. Je pense que les choses sont mal faites: nous

718 652 1837 98 deux, on ne voyage pas avec la bonne équipe, elle

720 753 1833 89 avec ses trois bidochons, moi avec un taré et un mec

725 860 302 96 pas net.

807 954 1521 105 Je flanque un coup de poing sur la table.

819 1059 1729 98 — Continue, enfoiré, je crie à Rémi. Encore un

716 1167 1828 100 mot, et je vais parler à cette gamine et on se bare

716 1270 402 93 ensemble.

891 1365 634 103 —T’es pas bien?

814 1471 1727 103 — Elle plante là ses vieux. Et moi, je vous plante

718 1585 234 80 aussi.

805 1674 842 105 Fromage blanc rigole.

816 1777 1718 101 — Pour ça, faut avoir des couilles, morveux!

711 1880 1818 103 (Il est interrompu par la serveuse qui vient dépo¬

716 1985 1816 89 ser la commande sur la table.) Merci, ma belle.

798 2081 1736 108 Je fixe Boule de neige. Ce saligaud a un petit

709 2191 1820 101 sourire pour montrer qu’il est d’accord. Son pote

706 2301 1163 79 continue à se marrer et ajoute :

821 2392 1708 108 — Et le problème c’est que le seul qui ait des

706 2504 1636 87 couilles dans ton histoire, c’est le nounours.

795 2605 1727 89 J’en reste tout bête. Sous l’œil ahuri de la ser¬

709 2715 1813 103 veuse, je me jette sur mon banana split, engloutis

706 2813 1582 108 pêle-mêle tarte-coco, chocolat et chantilly.

798 2925 1200 99 La pauvre fille n’en revient pas.

870 3026 955 101 — Il va se rendre malade!

788 3131 1734 94 Et alors? Suicidaire, je suis, c’est la mère Bon¬

706 3239 1821 103 pied qui l’a dit. De loin, son panda dans les bras, la

704 3349 1818 103 petite fille me regarde, n’en croyant pas ses yeux.

819 3447 1699 112 — Philippe! dit Fromage blanc... Doucement,

702 3552 531 101 mon Philou...

706 3742 122 91 158
