2977 4210
304 556 1699 87 (Ses parents étant morts depuis dans des circons¬

301 647 1707 94 tances dramatiques, c’est sa grand-mère, très

306 741 1704 96 gênée, qui nous a rapporté cette scène à laquelle

306 832 672 96 elle n’a pas assisté.)

386 928 1629 94 A l’âge de neuf ans, Philippe est victime d’un

311 1019 1701 98 rapt. Des illuminés qui jouent aux lndiens l’enlè¬

315 1120 1695 91 vent sous les yeux de son père et de sa mère impuis¬

318 1213 889 78 sants. Sa sœur est absente.

400 1305 1622 91 Une opération de police arrache l’enfant à ses

320 1396 1706 91 ravisseurs mais il s’est trouvé mêlé de près à un

322 1494 1704 84 double meurtre (voir dossier ci-joint) et ses parents

322 1588 1236 84 le récupèrent gravement traumatisé.

409 1684 1627 91 Les parents qui sont aisés (le père est titulaire

329 1777 1700 94 d’une chaire le sociologie à la faculté de Bourges)

329 1875 1709 89 obtiennent une dérogation du ministère pour

332 1964 1706 82 assumer seuls l'éducation et la scolarité de Phi¬

332 2058 1711 86 lippe. Camille, excellente élève, poursuit des études

337 2151 550 96 plus classiques.

416 2247 1631 96 Après le décès des parents, c’est la grand-mère

337 2341 1710 91 paternelle qu recueille les enfants à Blois. Camille,

341 2441 1716 87 fortement perturbée, semble s’en tirer mais, au bout

344 2535 1710 89 d'un an, elle est prise en charge par un oncle mater¬

344 2628 1715 82 nel qui habite Montréal et poursuit son éducation

346 2720 1456 93 dans une institution religieuse du Québec.

432 2816 1634 91 Sans nouvelles de sa petite sœur, Philippe subit

348 2911 1720 92 un accès psychotique. La grand-mère maternelle

353 3007 985 80 réussit à récupérer sa garde.

439 3099 1632 93 Deux ans de scolarité chaotique, agrémentée de

351 3194 1722 94 quelques surprises. Un bulletin signé de son pro¬

355 3286 1716 103 fesseur de français de l’année dernière (2 avril 1994)

355 3386 1723 84 mentionne un travail inégal et des résultats médiocres

2015 3560 66 81 33
