2977 4210
531 453 693 89 Aquoi bon le nier.

568 549 1725 108 — J’ai reçu des bandes par la poste, dit-elle.

451 650 1842 98 Expédiées du Canada... Un peu de café? Je vous

454 760 1205 105 préviens, il n’est plus très chaud.

528 863 1765 100 D’un mouvement de menton, Clotaire fait signe

454 977 1465 94 que ça n’a aucune importance et se sert.

596 1071 1692 107 — C’est Philippe qui les a enregistrées, ajoute¬

456 1176 215 91 t-elle.

528 1281 1765 94 Clotaire, surpris, arrête le déplacement de la tasse

461 1391 536 84 Vers ses lèvres.

585 1487 1703 105 – On dirait qu’il a eu la même idée que nous.

526 1595 1765 96 Il se souvient de la combine qu’il avait ima¬

456 1695 1832 105 ginée avec son pote sur le chantier où ils travail¬

456 1800 1832 94 laient. Rémi l’avait embarqué dans une interminable

456 1908 1830 96 discussion sur la DDASS, les parents alcooliques,

456 2006 1320 106 l’inceste et les dégâts du psychisme.

526 2112 1762 100 Il revoit encore la scène, Rémi parlant avec

451 2214 1837 103 fougue en dépiautant à la main le jambon, dont il

451 2320 1835 103 prélevait le gras et la couenne. “Les psys, c’est des

451 2420 1833 91 tueurs, disait-il, la bouche pleine... Sont comme des

451 2528 1837 89 mouches, à pondre des vers dans la viande qui leur

451 2626 1837 108 fait peur parce qu’elle obéit pas et qu’elle en a rien à

451 2731 1795 92 foutre de l’ordre et de la loi... Le gras, t'aimes pas?

521 2834 1767 94 Lui, faisant non de la tête, demandait: “Aton

449 2944 1521 98 avis, la folie ça existe ou ça n’existe pas?

521 3042 1767 108 Alors Rémi, confectionnant une boulette de

451 3150 1833 101 gras et de couenne, la jetait au fond de son gosier,

449 3253 1832 89 l’avalait sans mâcher et, tâtant la boîte de con¬

447 3356 1605 100 serve pour en vérifier la chaleur, répondait:

547 3452 1737 110 eBouffe, ça va être froid! Mon pote, c’est le

439 3559 1849 108 monde qui est malade, y a pas à sortir de là... Il est

2162 3749 129 82 127
