2977 4210
786 444 1905 96 brusques, cherchant du regard un secours autour

788 544 850 87 d’elle. Alors je souris.

889 643 1589 103 — Bonjour. Je m’appelle Hérisson rouge.

903 748 927 94 — Bonjour... Hérisson.

872 849 1805 100 Elle ne peut en dire davantage. Sa voix s’est bri¬

784 956 1895 84 sée. Elle en a conscience et craint que je ne m’en

784 1061 1893 101 aperçoive. Elle fait un léger mouvement pour s’en

784 1164 1891 84 aller, mais mon sourire la fige. Elle ne dit rien.

779 1260 1896 105 Que pourrait-elle dire? Le silence se prolonge. Je

777 1368 1891 112 me mets à sa place, j’aurais la gorge sèche. Dou¬

777 1473 1888 96 cement, avec des gestes tendres, je range le cro¬

779 1576 1886 84 chet dans ma chemise et dis d’une voix douce:

882 1679 1781 98 – 10n mari c’était une éponge de merde. A pré¬

777 1779 1891 89 sent, ton homme c’est Boule de neige. Il est gentil

772 1882 1893 99 comme jules, Boule de neige. A moi, il me laisse

777 1992 1884 84 faire tout ce que je veux... Toi aussi, hein, tu aimes

779 2090 440 99 les nègres ?

856 2189 1805 103 Elle ne répond pas. Elle fixe ma poitrine contre

772 2296 1884 96 laquelle mes mains serrent cet objet qui la terro¬

769 2397 1887 103 ise. Je pars d’un rire énorme qui la remplit d’épou¬

774 2502 1884 94 Vante. Debout devant elle, les jambes écartées, je

767 2610 1896 93 déboutonne ma chemise jusqu’à la ceinture et

767 2713 1887 84 entre largement la main dans l’ouverture et je dis

769 2811 586 86 d’un ton câlin:

879 2914 1304 98 — Regarde si elle est mignonne...

849 3017 1805 100 J’attrape le crochet par la pointe, je le lui montre

762 3122 508 105 et j’explique.

894 3227 1760 94 – C’est rien qu’une couleuvre que j’ai ramassée

765 3330 1884 84 sur la route. C’est gentil tout plein, une couleuvre.

849 3433 1802 84 Je prends le manche en cuir dans mon autre main

758 3534 1889 119 et je le fais tourmer très doucement. Je caresse l’acier

755 3711 141 92 212
