2977 4210
430 439 1865 91 a besoin d’une identité et d’une fonction. Je suis né

430 547 1870 100 avec celle-ci et j’ai ramassé l’autre au passage. Ça

432 650 1861 96 va, le tableau?“ Dans la rue, comme je ne savais

430 753 1858 105 pas où aller, il m’a dit de venir chez lui. On pren¬

425 865 1873 84 drait une bonne douche et on mangerait, autant

423 968 1737 98 commencer une journée sur le bon pied, hein?

521 1068 1772 103 – Et il vous a emmené chez lui ? demanda

425 1188 562 79 Luna curieuse.

512 1281 573 89 Clotaire sourit.

526 1386 1767 101 — Vous voulez Vraiment savoir ce qui s’est

430 1487 279 110 passé ?

512 1592 1783 94 Elle acquiesça et l’Antillais raconta comment

428 1698 1683 91 ils avaient traîné encore un peu de bar en bar.

528 1814 1758 78 — Rémi à continué de me bassiner. II était pas

425 1903 1852 108 étonné que je sois dans l’informatique, il s’api¬

428 2011 1858 105 toyait, mais avec sympathie: je comprends que tu

430 2112 1854 105 sois un peu carré comme mec. J’ai fini par dire que

428 2212 1858 103 l’informatique c’étaient au cas où... Mais ce qui

428 2320 1849 93 m’intéressait, moi, c’étaient les nouvelles images,

430 2423 1854 98 les images de synthèse. Ce qui me passionnait,

425 2518 1854 99 c’étaient le “chaos“ et la recherche sur les frac¬

430 2624 1851 100 tales. Que c’était ce que je voulais faire. Il a dit :

456 2724 1814 106 “Alors, pourquoi t’en fais pas à plein temps?

428 2825 1856 105 C’est pas bien carmé?“ Cela aurait servi à rien de

425 2932 1856 108 lui expliquer. “T’as deviné, j’ai dit, je fais ça pour le

430 3038 260 105 plaisir.“

507 3136 1082 91 Clotaire se tourna vers Luna.

526 3237 1751 102 – J’étais sûr que Rémi n’avait jamais envi¬

425 3344 1854 101 sagé qu’on puisse bosser par plaisir. Mais je n’ai

425 3442 1854 108 pas voulu avoir l’air sectaire. Il faut de tout pour

425 3545 649 91 faire un monde...

2185 3728 87 82 93
