2977 4210
470 411 1935 101 l’autre, il triture une loque malpropre. Il regarde le

463 509 1942 106 môme, trébuche. Un peu d’eau gicle de sa gamelle.

463 612 1942 108 Zéphyrin ne peut décoller les yeux de ce bébé

468 720 1940 105 bleu; il est devenu tout gris, ce nègre. Il dépose sa

472 823 1676 110 gamelle, se penche vers Cyanure, il écoute.

617 930 1025 106 — Il respire? je demande.

557 1033 1844 106 Pas de réponse. Le jardinier reprend sa casse¬

463 1141 1945 93 role. La portant devant lui, il s’écarte. Il marche

461 1251 1949 89 comme un zombie. Sa main gauche ne cesse de

461 1354 1944 103 bouchonner son chiffon. À mon tour je me penche

468 1464 1942 98 vers le nouveau-né. Il n’est pas complètement

458 1562 1952 110 niqué, l’animal. Sa gorge gargouille, il halète. Je

458 1672 1945 105 me retourne, vois le dos de Zéphyrin qui s’arrête

458 1772 1943 106 entre les cuisses de la mère. Il hésite. Tout godiche,

463 1882 538 99 il se dandine.

552 1992 1853 103 C’est le moment. Le vieux nègre ne peut me

463 2102 1942 103 voir. Mine de rien, je me prosterne un peu plus. Il

458 2210 1945 103 me semble que le lardon a de plus en plus de mal

458 2320 1943 100 à respirer. J’avance lentement mon genou, je le

461 2425 1935 105 pose doucement sur son cou. Pas besoin de beau¬

454 2533 1944 107 coup insister, ça ne fait pas un pli. Le petit bestiau

454 2638 1935 103 ne moufte pas. De bleu, il devient seulement vio¬

456 2750 1666 94 let. Je me dis : un de moins pour la DDASS.

547 2858 1840 107 Je me retourne, Zéphyrin n’a pas bougé. Il conti¬

451 2963 1931 112 nue de ballotter d’un pied sur l’autre, indécis, regar¬

451 3073 1936 110 dant dans le vide. Je prends son chiffon et le plonge

451 3190 1933 103 dans la casserole puis je commence à essuyer les

454 3295 1930 108 fesses et les cuisses de la grosse. Je pense: faut pas

451 3407 1936 106 être sectaire, c’est régulier qu’une nana ait des

454 3515 1926 107 bébés; c’est pour ça qu’elle est faite; et raison¬

454 3622 1933 106 nable qu’elle soit contente d’être débarrassée de

2302 3817 89 98 61
