2977 4210
1153 935 1058 103 ALALUMIERE D’HIVER

772 1255 1870 113 — C’est à ce moment-là que j’ai failli lui parler,

706 1370 1936 103 commente Clotaire qui, cette fois, a arrêté le lec¬

709 1475 1935 103 teur. J’ai failli dire au bon père ce que je sentais et

709 1588 1926 98 tout ce que je savais aussi. Mais me croirait-il ?

716 1686 1928 105 Voudrait-il entendre?... Lui, en tant que prêtre, il

699 1796 1940 96 connaissait les âmes, il savait reconnaître les

702 1906 1942 100 esprits purs... Jai regardé Rémi qui a eu un geste

702 2013 1942 87 d’impuissance et tous les deux, on a suivi des yeux

699 2114 1948 110 Philippe qui grimpait le petit escalier derrière la

702 2226 587 84 bonne du curé.

812 2329 1600 96 – Vous n’avez rien dit? demande Luna.

798 2432 1846 103 – Oh, Rémi l’a bien questionné, il a demandé

697 2547 1942 86 S’il en avait beaucoup des gamins comme ça. “Des

695 2645 1952 105 gamins difficiles? a fait le curé. Non. Philippe est

692 2757 1955 98 le seul pour le moment. Les autres sont partis la

690 2865 1952 91 semaine dernière sur un terre-neuvas. Les bateaux,

688 2970 1956 98 c’est un truc qui plaît bien, ça... Ici chacun fait ce

690 3080 1959 96 dont il a envie, mais ils arrivent pour la plupart

690 3183 1952 100 démunis de projet concret. Au moins, Philippe, lui,

690 3286 1949 103 a les abeilles...'" Je n’ai pu m’empêcher de le couper

692 3396 1945 102 pour lui demander s’il ne pensait pas que c’était...

800 3501 1456 103 – Que c’était quoi? demande Luna.

678 3686 148 88 264
