2977 4210
592 413 1762 87 Clotaire ouvre la boîte à gants. Il en sort l’enve¬

510 509 709 106 loppe et la décolle.

645 612 1704 99 — Painclain... Ca doit être un bled complète¬

505 718 1854 86 ment paumé... Ah oui, c’est à trente bornes de

510 816 1303 103 Quimperlé... Pas Quimper, crétin!

592 923 1760 85 Fromage blanc lui envoie une tape sur la cuisse.

601 1019 1753 98 – Parle moins fort, tu vas réveiller le gamin.

592 1125 1760 100 Tu parles que je dors. Boule de neige se retourne

498 1225 1856 98 et peut me voir à quatre pattes, en train de fouiller

505 1330 1842 96 sous la banquette. Je sors des tas de merdes :

503 1429 1844 93 Vieux journaux, boîtes de cigares vides, PV, liasses

496 1531 1858 99 de factures, cartes routières... ça n’arrête pas. Il y a

496 1634 1668 87 même un vieux dictionnaire français-anglais.

578 1735 1767 98 Je tire les valises et les empile contre une por¬

493 1833 1849 91 tière, debout sur la tranche, l’une sur le sol, l’autre

496 1938 1851 101 sur le siège. Maintenant, je peux tout ranger. D’abord

491 2039 1851 89 les factures. Je les classe et les range dans les boîtes

491 2142 1849 91 à cigares que j’ai alignées les unes à côté des autres

491 2245 1851 98 sur la banquette. Je m’active à tout berzingue. Je

489 2350 1851 98 n’ai pas le temps de me retourner mais je leur dis

489 2453 1846 98 quand même que c’est un vrai bordel, cette caisse!

585 2556 1757 103 — Quoi, vous jetez jamais rien, les mecs? Il y a

484 2661 1856 101 même des factures pas payées. Je vais les mettre

486 2769 794 98 dans une boîte à part.

564 2872 1387 103 Fromage blanc se retourne pour voir.

610 2979 1718 103 — Merci, t’es un pote. C’est vrai qu’on est un

482 3082 585 103 Inen bordélique.

575 3185 1526 105 — Rémi! Merde, ne lâche pas le volant.

578 3290 1750 113 — Pas de danger! Au fait Cloclo, vérifie que les

482 3407 1846 103 papiers sont bien sous mon siège. Il doit y avoir

484 3517 854 103 une poche en plastique.

2204 3707 124 84 133
