<?xml version="1.0" encoding="UTF-8"?>
<alto xmlns:xsi="http://www.w3.org/2001/XMLSchema-instance"
      xmlns="http://www.loc.gov/standards/alto/ns-v4#"
      xsi:schemaLocation="http://www.loc.gov/standards/alto/ns-v4# http://www.loc.gov/standards/alto/v4/alto-4-2.xsd">
  <Description>
    <MeasurementUnit>pixel</MeasurementUnit>
    <sourceImageInformation>
      <fileName>page_00143.png</fileName>
      
    </sourceImageInformation>
  </Description>
  
  <Tags>
    <OtherTag ID="BT10605" LABEL="MainZone" DESCRIPTION="block type MainZone"/><OtherTag ID="BT10606" LABEL="NumberingZone" DESCRIPTION="block type NumberingZone"/><OtherTag ID="BT10607" LABEL="RunningTitleZone" DESCRIPTION="block type RunningTitleZone"/><OtherTag ID="BT10608" LABEL="QuireMarksZone" DESCRIPTION="block type QuireMarksZone"/><OtherTag ID="BT10609" LABEL="CustomZone" DESCRIPTION="block type CustomZone"/>
    <OtherTag ID="LT4159" LABEL="DefaultLine" DESCRIPTION="line type DefaultLine"/><OtherTag ID="LT4160" LABEL="HeadingLine" DESCRIPTION="line type HeadingLine"/><OtherTag ID="LT4161" LABEL="default" DESCRIPTION="line type default"/>
  </Tags>
  
  <Layout>
    <Page WIDTH="2977"
          HEIGHT="4210"
          PHYSICAL_IMG_NR="140"
          ID="eSc_dummypage_">
      <PrintSpace HPOS="0"
                  VPOS="0"
                  WIDTH="2977"
                  HEIGHT="4210">
        
        <TextBlock HPOS="394.6031494140625"
                   VPOS="402.91558837890625"
                   WIDTH="1941.8338623046875"
                   HEIGHT="3257.1139526367188"
                   ID="block_0"
                   TAGREFS="BT10605">
          <Shape><Polygon POINTS="394.603 402.916 2336.44 402.916 2336.44 3660.03 394.603 3660.03 394.603 402.916"/></Shape>
          
          
          <TextLine ID="eSc_line_0677673d"
                    TAGREFS="LT4161"
                    BASELINE="432 505 2298 500" 
                    HPOS="430"
                    VPOS="435"
                    WIDTH="1868"
                    HEIGHT="100">
            <Shape><Polygon POINTS="2209 446 2185 446 2176 446 2174 449 1834 449 1792 439 1788 439 1764 439 1741 439 1731 439 1708 449 1521 449 1467 435 1460 435 1444 435 1420 446 1404 435 1390 435 1383 435 1331 451 1137 451 1088 435 1085 435 1083 435 1081 435 1048 449 985 435 982 435 980 435 978 435 954 449 903 435 901 435 898 435 896 435 861 449 807 435 805 435 802 435 800 435 741 449 554 435 552 435 549 435 510 449 454 435 451 435 449 435 447 435 444 435 444 437 430 449 432 505 432 535 571 519 1582 519 1619 523 1661 530 1664 530 1898 521 1989 519 2024 521 2171 530 2174 530 2295 516 2298 500 2293 449 2228 449 2223 446 2209 446"/></Shape>
	    <String CONTENT="fait leur steak frites avant de repartir encore plus"
                    HPOS="430"
                    VPOS="435"
                    WIDTH="1868"
                    HEIGHT="100"
                    WC="0.9863426215373553"></String>
          </TextLine>

          
          
          <TextLine ID="eSc_line_abbc2c09"
                    TAGREFS="LT4161"
                    BASELINE="437 605 2295 605" 
                    HPOS="437"
                    VPOS="537"
                    WIDTH="1858"
                    HEIGHT="96">
            <Shape><Polygon POINTS="437 605 437 622 580 622 596 633 599 633 601 633 603 633 709 622 1015 633 1018 633 1158 622 1490 633 1493 633 2295 619 2295 605 2295 556 2216 537 2214 537 2211 537 2153 556 1968 556 1947 537 1944 537 1942 537 1858 537 1855 537 1853 537 1851 537 1827 556 1352 556 1226 537 1224 537 1078 551 912 537 910 537 821 556 582 556 531 537 528 537 526 537 524 537 521 537 503 554 437 554 437 605"/></Shape>
	    <String CONTENT="Vite pour rattraper leur moyenne... Et puis les"
                    HPOS="437"
                    VPOS="537"
                    WIDTH="1858"
                    HEIGHT="96"
                    WC="0.980490282494971"></String>
          </TextLine>

          
          
          <TextLine ID="eSc_line_43d22d85"
                    TAGREFS="LT4161"
                    BASELINE="432 704 2293 711" 
                    HPOS="430"
                    VPOS="636"
                    WIDTH="1863"
                    HEIGHT="98">
            <Shape><Polygon POINTS="432 704 430 720 444 729 447 729 449 729 451 729 938 720 973 720 982 720 1076 732 1078 734 2291 734 2293 711 2291 659 2068 645 2066 645 2064 645 2061 645 2045 657 2012 640 2010 640 2008 640 2005 640 1949 657 1947 657 1944 657 1900 640 1898 640 1895 640 1518 654 1509 654 1507 654 1486 638 1483 638 1481 638 1479 638 1476 638 1474 638 1458 650 1373 638 1371 638 1369 638 1366 638 1345 654 1343 657 1238 657 1233 654 1172 638 1170 638 1167 638 1071 654 1057 654 966 654 964 652 933 636 931 636 929 636 926 636 868 652 865 652 851 652 542 640 540 640 432 650 432 704"/></Shape>
	    <String CONTENT="autres; peu de monde en fait: une tablée de vieux,"
                    HPOS="430"
                    VPOS="636"
                    WIDTH="1863"
                    HEIGHT="98"
                    WC="0.9823433429587121"></String>
          </TextLine>

          
          
          <TextLine ID="eSc_line_f400ce86"
                    TAGREFS="LT4161"
                    BASELINE="432 811 2293 806" 
                    HPOS="430"
                    VPOS="746"
                    WIDTH="1863"
                    HEIGHT="81">
            <Shape><Polygon POINTS="432 811 432 827 2291 825 2293 806 2288 755 451 746 449 746 447 746 444 746 430 753 432 811"/></Shape>
	    <String CONTENT="trente ou quarante ans, avec parmi eux deux femmes"
                    HPOS="430"
                    VPOS="746"
                    WIDTH="1863"
                    HEIGHT="81"
                    WC="0.9897054934501648"></String>
          </TextLine>

          
          
          <TextLine ID="eSc_line_5d5f15d9"
                    TAGREFS="LT4161"
                    BASELINE="430 914 2291 914" 
                    HPOS="430"
                    VPOS="846"
                    WIDTH="1861"
                    HEIGHT="94">
            <Shape><Polygon POINTS="430 914 430 928 2288 940 2291 914 2291 863 1376 846 1373 846 1291 860 1217 846 1214 846 1212 846 1174 860 1008 846 1006 846 1004 846 1001 846 982 863 875 863 805 846 802 846 800 846 762 860 430 860 430 914"/></Shape>
	    <String CONTENT="un peu paf, en train de célébrer un anniversaire;"
                    HPOS="430"
                    VPOS="846"
                    WIDTH="1861"
                    HEIGHT="94"
                    WC="0.9743066920953638"></String>
          </TextLine>

          
          
          <TextLine ID="eSc_line_aab201b7"
                    TAGREFS="LT4161"
                    BASELINE="430 1017 2302 1017" 
                    HPOS="430"
                    VPOS="947"
                    WIDTH="1872"
                    HEIGHT="100">
            <Shape><Polygon POINTS="430 1017 430 1031 568 1033 585 1047 587 1047 589 1047 592 1047 692 1033 713 1047 716 1047 718 1047 720 1047 861 1033 1439 1033 1458 1047 1460 1047 1462 1047 1465 1047 1467 1047 1500 1033 1530 1047 1532 1047 1535 1047 1621 1036 1750 1047 1752 1047 1987 1033 2075 1047 2078 1047 2302 1031 2302 1017 2302 961 2279 949 2277 949 2274 949 2272 949 2157 965 2153 965 2150 965 2082 947 2080 947 2078 947 2075 947 2033 963 1862 965 1827 965 1820 965 1659 947 1657 947 1654 947 1619 965 1287 965 1238 947 1235 947 1135 947 1132 947 1032 965 959 947 957 947 954 947 952 947 905 965 837 947 835 947 833 947 727 965 430 965 430 1017"/></Shape>
	    <String CONTENT="une poignée de militaires ; quelques couples et"
                    HPOS="430"
                    VPOS="947"
                    WIDTH="1872"
                    HEIGHT="100"
                    WC="0.9890741494794687"></String>
          </TextLine>

          
          
          <TextLine ID="eSc_line_7899e9c5"
                    TAGREFS="LT4161"
                    BASELINE="430 1120 2300 1120" 
                    HPOS="430"
                    VPOS="1052"
                    WIDTH="1870"
                    HEIGHT="87">
            <Shape><Polygon POINTS="430 1120 430 1139 2300 1139 2300 1120 2300 1066 2258 1052 2256 1052 2253 1052 2251 1052 2197 1066 2162 1052 2160 1052 2157 1052 2092 1068 1989 1068 1970 1052 1968 1052 1965 1052 1963 1052 1860 1066 1797 1054 1795 1054 1792 1054 1790 1054 1774 1068 1605 1068 1556 1052 1554 1052 1551 1052 1488 1066 1422 1052 1420 1052 1294 1066 1123 1052 1121 1052 1118 1052 1116 1052 1097 1068 868 1068 837 1052 835 1052 744 1052 741 1052 671 1066 606 1052 603 1052 601 1052 599 1052 580 1068 430 1068 430 1120"/></Shape>
	    <String CONTENT="une famille avec deux enfants qui tombaient de"
                    HPOS="430"
                    VPOS="1052"
                    WIDTH="1870"
                    HEIGHT="87"
                    WC="0.9929839877978616"></String>
          </TextLine>

          
          
          <TextLine ID="eSc_line_8f653eba"
                    TAGREFS="LT4161"
                    BASELINE="432 1225 786 1220" 
                    HPOS="430"
                    VPOS="1153"
                    WIDTH="356"
                    HEIGHT="88">
            <Shape><Polygon POINTS="432 1225 432 1241 784 1239 786 1220 781 1169 697 1153 695 1153 692 1153 659 1169 430 1171 432 1225"/></Shape>
	    <String CONTENT="sommeil."
                    HPOS="430"
                    VPOS="1153"
                    WIDTH="356"
                    HEIGHT="88"
                    WC="0.9867942035198212"></String>
          </TextLine>

          
          
          <TextLine ID="eSc_line_912fd4c1"
                    TAGREFS="LT4161"
                    BASELINE="512 1328 2300 1328" 
                    HPOS="512"
                    VPOS="1255"
                    WIDTH="1788"
                    HEIGHT="92">
            <Shape><Polygon POINTS="512 1328 512 1347 2298 1347 2300 1328 2298 1274 2209 1274 2209 1272 2185 1255 2183 1255 2181 1255 2178 1255 2176 1255 2120 1270 2071 1255 2068 1255 2066 1255 2064 1255 2061 1255 2043 1272 2040 1274 1965 1274 1963 1272 1942 1255 1940 1255 1937 1255 1935 1255 1933 1255 1884 1272 1879 1272 1874 1272 1841 1255 1839 1255 1738 1255 1736 1255 1734 1255 1706 1270 1692 1258 1689 1258 1687 1258 1685 1258 1682 1258 1647 1270 1640 1272 1633 1270 1596 1255 1593 1255 1591 1255 1493 1270 1465 1274 1172 1274 1160 1267 1137 1255 1135 1255 1132 1255 1062 1267 1025 1272 512 1265 512 1328"/></Shape>
	    <String CONTENT="Mes anges gardiens se sont installés face à face"
                    HPOS="512"
                    VPOS="1255"
                    WIDTH="1788"
                    HEIGHT="92"
                    WC="0.9868559515476227"></String>
          </TextLine>

          
          
          <TextLine ID="eSc_line_16517cfb"
                    TAGREFS="LT4161"
                    BASELINE="430 1431 2295 1426" 
                    HPOS="428"
                    VPOS="1356"
                    WIDTH="1867"
                    HEIGHT="94">
            <Shape><Polygon POINTS="430 1431 430 1450 2293 1445 2295 1426 2291 1375 2209 1356 2139 1356 2136 1356 2134 1356 2132 1356 2113 1372 2061 1356 2059 1356 2057 1356 2054 1356 2015 1372 1991 1356 1989 1356 1987 1356 1984 1356 1982 1356 1947 1370 1893 1356 1891 1356 1888 1356 1886 1356 1841 1372 1795 1356 1792 1356 1790 1356 1788 1356 1743 1375 1610 1375 1589 1356 1586 1356 1584 1356 1582 1356 1579 1356 1539 1372 1390 1356 1387 1356 1385 1356 1317 1375 1312 1375 1310 1375 1277 1358 1275 1358 1273 1358 1270 1358 1226 1375 1221 1375 1219 1375 1172 1358 1170 1358 1167 1358 1165 1358 1125 1375 1123 1375 1118 1375 1081 1358 1078 1358 1076 1358 1074 1358 1034 1375 1029 1377 980 1377 978 1375 957 1358 954 1358 952 1358 950 1358 947 1358 905 1375 901 1377 826 1377 821 1375 793 1358 791 1358 788 1358 519 1375 489 1375 484 1375 444 1358 442 1358 439 1358 437 1358 435 1358 435 1361 428 1365 430 1431"/></Shape>
	    <String CONTENT="à une table près de la fenêtre. Assis à côté de Clo¬"
                    HPOS="428"
                    VPOS="1356"
                    WIDTH="1867"
                    HEIGHT="94"
                    WC="0.9840412407085813"></String>
          </TextLine>

          
          
          <TextLine ID="eSc_line_5d2b8cf6"
                    TAGREFS="LT4161"
                    BASELINE="430 1536 2298 1531" 
                    HPOS="428"
                    VPOS="1466"
                    WIDTH="1870"
                    HEIGHT="98">
            <Shape><Polygon POINTS="430 1536 430 1564 561 1553 1034 1560 1198 1562 1200 1562 1263 1557 1378 1550 2295 1550 2298 1531 2293 1480 2204 1466 2202 1466 2139 1480 1671 1480 1575 1466 1572 1466 1570 1466 1539 1478 1259 1468 1256 1468 1254 1468 1209 1480 1139 1468 1137 1468 1135 1468 1132 1468 1116 1482 947 1482 891 1468 889 1468 887 1468 863 1480 699 1468 697 1468 500 1480 454 1468 451 1468 449 1468 447 1468 444 1468 428 1478 430 1536"/></Shape>
	    <String CONTENT="taire je leur tourne le dos et colle mon nez contre"
                    HPOS="428"
                    VPOS="1466"
                    WIDTH="1870"
                    HEIGHT="98"
                    WC="0.9870832632569706"></String>
          </TextLine>

          
          
          <TextLine ID="eSc_line_84d59ec3"
                    TAGREFS="LT4161"
                    BASELINE="430 1641 2295 1632" 
                    HPOS="428"
                    VPOS="1564"
                    WIDTH="1867"
                    HEIGHT="110">
            <Shape><Polygon POINTS="430 1641 430 1674 512 1655 1376 1655 1429 1660 1483 1667 1486 1667 1544 1660 1593 1653 1600 1658 1612 1667 1614 1667 1617 1667 1619 1667 1837 1655 1937 1651 2012 1653 2253 1662 2256 1662 2258 1662 2295 1648 2295 1632 2291 1583 2192 1564 2190 1564 1940 1581 1930 1581 1928 1581 1874 1564 1872 1564 1869 1564 1867 1564 1825 1581 1818 1585 1694 1585 1689 1581 1671 1567 1668 1567 1666 1567 1664 1567 1661 1567 1621 1581 1610 1583 1596 1581 1537 1567 1535 1567 1532 1567 1493 1581 1481 1585 1336 1588 1256 1588 1242 1578 1221 1569 1219 1569 1217 1569 1214 1569 1184 1578 1165 1585 1142 1578 1107 1569 1104 1569 1032 1569 1029 1569 1027 1569 1025 1569 1013 1578 1004 1588 805 1588 793 1578 786 1571 784 1571 781 1571 779 1571 777 1571 751 1578 711 1588 652 1578 610 1571 608 1571 571 1578 517 1588 491 1578 475 1571 472 1571 470 1571 428 1576 430 1641"/></Shape>
	    <String CONTENT="la vitre obscure. En dessous, la chaussée est éclai¬"
                    HPOS="428"
                    VPOS="1564"
                    WIDTH="1867"
                    HEIGHT="110"
                    WC="0.9760229212266428"></String>
          </TextLine>

          
          
          <TextLine ID="eSc_line_c0e3285d"
                    TAGREFS="LT4161"
                    BASELINE="428 1747 2293 1737" 
                    HPOS="425"
                    VPOS="1672"
                    WIDTH="1868"
                    HEIGHT="91">
            <Shape><Polygon POINTS="428 1747 428 1763 2291 1758 2293 1737 2286 1686 2153 1686 2148 1686 2097 1672 2094 1672 2092 1672 2089 1672 2087 1672 2068 1686 2066 1688 1891 1688 1891 1686 1823 1672 1820 1672 1818 1672 1816 1672 1795 1688 1792 1688 1788 1688 1743 1674 1741 1674 1738 1674 1736 1674 1734 1674 1717 1688 1584 1688 1483 1688 1481 1688 1401 1674 1399 1674 1397 1674 1394 1674 1376 1688 1025 1676 1022 1676 1020 1676 975 1691 975 1693 554 1693 552 1693 479 1679 477 1679 475 1679 425 1693 428 1747"/></Shape>
	    <String CONTENT="rée comme en plein jour. Je compte les voitures."
                    HPOS="425"
                    VPOS="1672"
                    WIDTH="1868"
                    HEIGHT="91"
                    WC="0.9765510595574671"></String>
          </TextLine>

          
          
          <TextLine ID="eSc_line_39940b60"
                    TAGREFS="LT4161"
                    BASELINE="526 1845 2288 1845" 
                    HPOS="526"
                    VPOS="1777"
                    WIDTH="1762"
                    HEIGHT="98">
            <Shape><Polygon POINTS="526 1845 526 1861 1004 1875 1006 1875 1188 1864 1373 1875 1376 1875 2026 1864 2153 1875 2155 1875 2288 1861 2288 1845 2288 1800 2202 1800 2181 1784 2178 1784 2176 1784 2174 1784 2040 1791 1989 1777 1987 1777 1984 1777 1837 1791 1755 1777 1752 1777 1750 1777 1748 1777 1722 1798 1575 1777 1572 1777 1570 1777 1516 1798 1327 1796 1270 1777 1268 1777 1200 1777 1198 1777 1195 1777 1146 1796 830 1779 828 1779 826 1779 765 1796 730 1777 727 1777 655 1777 652 1777 650 1777 648 1777 620 1800 526 1800 526 1845"/></Shape>
	    <String CONTENT="— Une BMW, une Twingo, deux, trois Twingo..."
                    HPOS="526"
                    VPOS="1777"
                    WIDTH="1762"
                    HEIGHT="98"
                    WC="0.983596143397418"></String>
          </TextLine>

          
          
          <TextLine ID="eSc_line_abda8686"
                    TAGREFS="LT4161"
                    BASELINE="423 1952 2295 1945" 
                    HPOS="421"
                    VPOS="1878"
                    WIDTH="1874"
                    HEIGHT="91">
            <Shape><Polygon POINTS="423 1952 423 1969 2293 1962 2295 1945 2291 1894 2017 1880 2015 1880 2012 1880 2010 1880 1994 1892 1977 1878 1975 1878 1972 1878 1914 1878 1912 1878 1909 1878 1879 1894 1797 1878 1795 1878 1792 1878 1790 1878 1774 1892 1664 1896 1621 1896 1619 1896 1584 1878 1582 1878 1460 1878 1458 1878 1455 1878 1453 1878 1429 1896 1383 1878 1380 1878 1378 1878 1376 1878 1338 1896 1336 1896 1156 1878 1153 1878 1151 1878 1149 1878 1123 1896 1018 1880 1015 1880 1013 1880 1011 1880 987 1899 985 1901 856 1901 854 1899 795 1880 793 1880 791 1880 788 1880 737 1899 610 1899 573 1880 571 1880 568 1880 514 1892 458 1880 456 1880 454 1880 421 1894 423 1952"/></Shape>
	    <String CONTENT="de la merde, ça!... Wouah! Une autre BMW, une"
                    HPOS="421"
                    VPOS="1878"
                    WIDTH="1874"
                    HEIGHT="91"
                    WC="0.9907022546166959"></String>
          </TextLine>

          
          
          <TextLine ID="eSc_line_96df9664"
                    TAGREFS="LT4161"
                    BASELINE="425 2055 2298 2051" 
                    HPOS="423"
                    VPOS="1985"
                    WIDTH="1875"
                    HEIGHT="98">
            <Shape><Polygon POINTS="425 2055 425 2069 1055 2083 1057 2083 1060 2083 1062 2083 1078 2072 1319 2081 1322 2081 1324 2081 1362 2069 2279 2079 2281 2079 2284 2079 2286 2079 2298 2067 2298 2051 2295 2004 2253 1985 2251 1985 2249 1985 2246 1985 2185 1999 2115 1985 2113 1985 2111 1985 2108 1985 2089 2002 2061 1985 2059 1985 2057 1985 1970 2002 1963 2002 1947 2002 1795 1990 1792 1990 1710 1999 1692 2002 1687 1999 1668 1985 1666 1985 1664 1985 1544 1985 1542 1985 1539 1985 1537 1985 1521 1999 1516 2002 1462 1997 1380 1992 1378 1992 1376 1992 1373 1992 1366 1997 1352 2004 423 1992 425 2055"/></Shape>
	    <String CONTENT="Mégane pourrie, encore une BM—ça c’est de la"
                    HPOS="423"
                    VPOS="1985"
                    WIDTH="1875"
                    HEIGHT="98"
                    WC="0.9760023199993632"></String>
          </TextLine>

          
          
          <TextLine ID="eSc_line_fd1b1477"
                    TAGREFS="LT4161"
                    BASELINE="425 2161 2291 2154" 
                    HPOS="423"
                    VPOS="2083"
                    WIDTH="1868"
                    HEIGHT="103">
            <Shape><Polygon POINTS="425 2161 425 2175 971 2186 973 2186 975 2186 978 2186 994 2175 1348 2184 1350 2184 1352 2184 1355 2184 1369 2172 1371 2172 1539 2172 1542 2172 1666 2184 1668 2184 1771 2170 1783 2170 1799 2170 1963 2182 1965 2184 2125 2184 2125 2182 2127 2182 2129 2182 2146 2170 2246 2182 2249 2182 2251 2182 2291 2168 2291 2154 2286 2107 2216 2102 2192 2083 2190 2083 2188 2083 2185 2083 2097 2105 2031 2083 2029 2083 2026 2083 2024 2083 1975 2105 1905 2083 1902 2083 1809 2083 1806 2083 1804 2083 1802 2083 1774 2107 1638 2107 1558 2086 1556 2086 1554 2086 1551 2086 1549 2086 1521 2109 1329 2109 1233 2086 1231 2086 1228 2086 1191 2107 1074 2107 1006 2088 1004 2088 1001 2088 999 2088 959 2109 933 2088 931 2088 929 2088 847 2088 844 2088 842 2088 840 2088 812 2112 746 2112 685 2088 683 2088 681 2088 678 2088 676 2088 652 2105 454 2097 451 2097 449 2097 423 2109 425 2161"/></Shape>
	    <String CONTENT="caisse!... Oh, la vache, une Jag... Moi, les ba¬"
                    HPOS="423"
                    VPOS="2083"
                    WIDTH="1868"
                    HEIGHT="103"
                    WC="0.9768035920957724"></String>
          </TextLine>

          
          
          <TextLine ID="eSc_line_cde98306"
                    TAGREFS="LT4161"
                    BASELINE="428 2264 2288 2257" 
                    HPOS="425"
                    VPOS="2193"
                    WIDTH="1863"
                    HEIGHT="99">
            <Shape><Polygon POINTS="428 2264 428 2292 531 2280 699 2289 741 2292 744 2292 746 2292 753 2289 779 2280 1156 2285 1444 2289 1446 2289 1448 2289 1469 2282 1486 2278 1561 2282 1664 2287 1666 2287 2286 2273 2288 2257 2284 2207 2214 2193 2211 2193 1928 2205 1734 2193 1731 2193 1647 2207 1048 2196 1046 2196 1043 2196 1001 2210 458 2198 456 2198 454 2198 425 2210 428 2264"/></Shape>
	    <String CONTENT="gnoles, je m’en fous mais je me retourne vers les"
                    HPOS="425"
                    VPOS="2193"
                    WIDTH="1863"
                    HEIGHT="99"
                    WC="0.9862146864132005"></String>
          </TextLine>

          
          
          <TextLine ID="eSc_line_f7afb394"
                    TAGREFS="LT4161"
                    BASELINE="423 2364 2293 2364" 
                    HPOS="423"
                    VPOS="2294"
                    WIDTH="1870"
                    HEIGHT="89">
            <Shape><Polygon POINTS="423 2364 423 2383 2293 2383 2293 2364 2291 2299 1219 2308 1202 2306 1153 2294 1151 2294 1149 2294 1111 2306 1099 2310 933 2310 924 2306 877 2294 875 2294 872 2294 798 2308 791 2308 786 2308 730 2294 727 2294 725 2294 723 2294 720 2294 704 2308 514 2308 458 2294 456 2294 454 2294 451 2294 423 2308 423 2364"/></Shape>
	    <String CONTENT="deux enfoirés pour leur annoncer : Mon vieux, il"
                    HPOS="423"
                    VPOS="2294"
                    WIDTH="1870"
                    HEIGHT="89"
                    WC="0.9948613509839895"></String>
          </TextLine>

          
          
          <TextLine ID="eSc_line_2c19d33a"
                    TAGREFS="LT4161"
                    BASELINE="423 2467 1528 2467" 
                    HPOS="423"
                    VPOS="2397"
                    WIDTH="1105"
                    HEIGHT="98">
            <Shape><Polygon POINTS="423 2467 423 2483 1259 2483 1390 2495 1392 2495 1528 2481 1528 2467 1528 2416 1401 2397 1399 2397 1263 2413 1121 2397 1118 2397 1116 2397 1114 2397 1114 2399 1097 2416 1050 2416 1015 2397 1013 2397 891 2397 889 2397 887 2397 884 2397 884 2399 868 2416 718 2416 664 2397 662 2397 659 2397 657 2397 624 2413 423 2413 423 2467"/></Shape>
	    <String CONTENT="en avait une! Une Sovereign."
                    HPOS="423"
                    VPOS="2397"
                    WIDTH="1105"
                    HEIGHT="98"
                    WC="0.9946940626416888"></String>
          </TextLine>

          
          
          <TextLine ID="eSc_line_e64f6568"
                    TAGREFS="LT4161"
                    BASELINE="505 2572 2291 2572" 
                    HPOS="505"
                    VPOS="2500"
                    WIDTH="1786"
                    HEIGHT="103">
            <Shape><Polygon POINTS="505 2572 505 2586 582 2603 585 2603 587 2603 638 2589 1137 2589 1156 2603 1158 2603 1160 2603 1163 2603 1284 2589 1570 2603 1572 2603 1710 2589 1818 2603 1820 2603 2291 2586 2291 2572 2291 2514 2265 2502 2263 2502 2260 2502 2171 2514 2155 2502 2153 2502 2150 2502 2148 2502 2146 2502 2143 2502 2127 2516 2071 2516 1900 2516 1898 2514 1869 2500 1867 2500 1865 2500 1862 2500 1816 2514 1813 2514 1781 2500 1778 2500 1776 2500 1774 2500 1731 2514 1727 2516 1579 2516 1577 2514 1549 2500 1547 2500 1544 2500 1542 2500 1490 2511 1481 2516 1097 2516 1085 2511 1057 2502 1055 2502 1053 2502 997 2509 971 2514 961 2509 936 2500 933 2500 931 2500 929 2500 894 2509 879 2514 870 2509 851 2500 849 2500 847 2500 791 2509 762 2514 755 2509 744 2500 741 2500 739 2500 737 2500 734 2500 704 2509 685 2514 643 2509 575 2500 573 2500 505 2507 505 2572"/></Shape>
	    <String CONTENT="Il y a belle lurette que ces salopes de japs ont tout"
                    HPOS="505"
                    VPOS="2500"
                    WIDTH="1786"
                    HEIGHT="103"
                    WC="0.9874410899180286"></String>
          </TextLine>

          
          
          <TextLine ID="eSc_line_b271cc84"
                    TAGREFS="LT4161"
                    BASELINE="423 2678 2286 2673" 
                    HPOS="421"
                    VPOS="2603"
                    WIDTH="1865"
                    HEIGHT="103">
            <Shape><Polygon POINTS="423 2678 423 2703 1275 2694 1301 2699 1350 2706 1352 2706 1355 2706 1373 2696 1387 2692 1657 2694 2239 2703 2242 2703 2244 2703 2286 2689 2286 2673 2281 2619 2120 2619 2094 2603 2092 2603 2089 2603 2001 2603 1998 2603 1996 2603 1994 2603 1972 2619 1755 2619 1687 2603 1685 2603 1682 2603 1680 2603 1659 2619 1327 2619 1291 2605 1289 2605 1287 2605 1186 2619 1111 2605 1109 2605 1107 2605 1104 2605 1085 2621 879 2621 589 2605 587 2605 421 2621 423 2678"/></Shape>
	    <String CONTENT="goinfré chez nous, les Jag comme le reste. Mais je"
                    HPOS="421"
                    VPOS="2603"
                    WIDTH="1865"
                    HEIGHT="103"
                    WC="0.97968122772142"></String>
          </TextLine>

          
          
          <TextLine ID="eSc_line_5ee272b5"
                    TAGREFS="LT4161"
                    BASELINE="416 2778 2281 2778" 
                    HPOS="416"
                    VPOS="2708"
                    WIDTH="1865"
                    HEIGHT="101">
            <Shape><Polygon POINTS="416 2778 416 2794 549 2809 552 2809 645 2797 936 2809 938 2809 940 2809 975 2797 1142 2797 1158 2809 1160 2809 1163 2809 1165 2809 1413 2797 2033 2797 2125 2809 2127 2809 2129 2809 2132 2809 2148 2797 2281 2797 2281 2778 2281 2727 2038 2727 1933 2708 1930 2708 1928 2708 1893 2727 1827 2727 1661 2708 1659 2708 1657 2708 1654 2708 1633 2727 1586 2727 1518 2708 1516 2708 1514 2708 1511 2708 1462 2724 933 2724 713 2708 711 2708 709 2708 662 2727 535 2727 449 2708 447 2708 444 2708 416 2722 416 2778"/></Shape>
	    <String CONTENT="dis ça sérieux, rien que pour les faire saliver, ces"
                    HPOS="416"
                    VPOS="2708"
                    WIDTH="1865"
                    HEIGHT="101"
                    WC="0.98401779377902"></String>
          </TextLine>

          
          
          <TextLine ID="eSc_line_2f94c66a"
                    TAGREFS="LT4161"
                    BASELINE="416 2883 2281 2879" 
                    HPOS="414"
                    VPOS="2809"
                    WIDTH="1867"
                    HEIGHT="105">
            <Shape><Polygon POINTS="416 2883 416 2900 966 2900 973 2900 1214 2914 1217 2914 1291 2900 1902 2911 1905 2911 2118 2909 2120 2909 2122 2909 2139 2897 2258 2909 2260 2909 2263 2909 2265 2909 2281 2895 2281 2879 2277 2827 2153 2827 2115 2809 2113 2809 2111 2809 2108 2809 2106 2809 2085 2825 2047 2809 2045 2809 2043 2809 2040 2809 2008 2827 1671 2827 1610 2809 1607 2809 1605 2809 1603 2809 1600 2809 1579 2825 1547 2811 1544 2811 1542 2811 1539 2811 1537 2811 1521 2825 1404 2825 1350 2809 1348 2809 1345 2809 1343 2809 1341 2809 1312 2830 1104 2830 1071 2811 1069 2811 975 2811 973 2811 971 2811 924 2827 760 2811 758 2811 755 2811 720 2827 655 2811 652 2811 650 2811 648 2811 645 2811 622 2827 496 2811 493 2811 414 2830 416 2883"/></Shape>
	    <String CONTENT="crève-la-faim. Manque de pot, le nez penché sur"
                    HPOS="414"
                    VPOS="2809"
                    WIDTH="1867"
                    HEIGHT="105"
                    WC="0.9958266226612792"></String>
          </TextLine>

          
          
          <TextLine ID="eSc_line_482c109b"
                    TAGREFS="LT4161"
                    BASELINE="414 2986 2281 2986" 
                    HPOS="414"
                    VPOS="2918"
                    WIDTH="1867"
                    HEIGHT="99">
            <Shape><Polygon POINTS="414 2986 414 3003 730 3017 732 3017 734 3017 774 3005 1151 3017 1153 3017 2281 3003 2281 2986 2281 2930 2263 2918 2260 2918 2258 2918 2256 2918 2190 2935 2071 2935 2040 2918 2038 2918 2036 2918 1921 2932 1914 2932 1905 2932 1767 2921 1764 2921 1713 2930 1703 2932 1703 2930 1687 2918 1685 2918 1682 2918 1680 2918 1577 2930 1551 2932 1532 2930 1474 2918 1472 2918 1469 2918 1429 2930 1415 2935 1144 2935 1135 2928 1123 2918 1121 2918 1118 2918 1116 2918 1114 2918 1083 2928 1062 2932 1053 2925 1043 2918 1041 2918 1039 2918 1036 2918 1001 2925 971 2935 891 2935 875 2925 861 2918 858 2918 795 2918 793 2918 791 2918 788 2918 781 2925 769 2932 414 2923 414 2986"/></Shape>
	    <String CONTENT="le menu, ils ont à peine écouté et acquiescent"
                    HPOS="414"
                    VPOS="2918"
                    WIDTH="1867"
                    HEIGHT="99"
                    WC="0.9827425893472166"></String>
          </TextLine>

          
          
          <TextLine ID="eSc_line_4309b98e"
                    TAGREFS="LT4161"
                    BASELINE="414 3092 1013 3087" 
                    HPOS="411"
                    VPOS="3021"
                    WIDTH="602"
                    HEIGHT="92">
            <Shape><Polygon POINTS="414 3092 414 3113 1011 3108 1013 3087 1011 3038 968 3021 966 3021 964 3021 858 3035 720 3021 718 3021 716 3021 685 3038 564 3024 561 3024 411 3040 414 3092"/></Shape>
	    <String CONTENT="machinalement."
                    HPOS="411"
                    VPOS="3021"
                    WIDTH="602"
                    HEIGHT="92"
                    WC="0.9989720966134753"></String>
          </TextLine>

          
          
          <TextLine ID="eSc_line_b4e0639d"
                    TAGREFS="LT4161"
                    BASELINE="496 3199 2012 3194" 
                    HPOS="493"
                    VPOS="3122"
                    WIDTH="1519"
                    HEIGHT="103">
            <Shape><Polygon POINTS="496 3199 496 3213 1114 3225 1116 3225 1118 3225 1153 3213 1153 3211 2010 3208 2012 3194 2008 3141 1923 3124 1921 3124 1785 3138 1783 3138 1781 3138 1731 3124 1729 3124 1727 3124 1724 3124 1666 3138 1631 3122 1628 3122 1626 3122 1551 3134 1511 3122 1509 3122 1507 3122 1504 3122 1502 3122 1502 3124 1486 3138 1483 3138 1308 3138 1282 3138 1268 3124 1268 3122 1266 3122 1263 3122 1261 3122 1259 3122 1256 3122 1256 3124 1240 3138 1238 3141 1172 3141 1158 3136 1118 3124 1116 3124 1114 3124 1111 3124 1078 3136 1069 3141 1064 3136 1050 3124 1048 3124 1046 3124 1043 3124 952 3136 915 3143 624 3143 606 3136 573 3124 571 3124 568 3124 493 3134 496 3199"/></Shape>
	    <String CONTENT="Du coup, vexé, je retourne à l’autoroute."
                    HPOS="493"
                    VPOS="3122"
                    WIDTH="1519"
                    HEIGHT="103"
                    WC="0.9799901344055353"></String>
          </TextLine>

          
          
          <TextLine ID="eSc_line_169d1eca"
                    TAGREFS="LT4161"
                    BASELINE="505 3290 2267 3300" 
                    HPOS="503"
                    VPOS="3222"
                    WIDTH="1764"
                    HEIGHT="108">
            <Shape><Polygon POINTS="505 3290 503 3307 945 3325 947 3325 1792 3316 2143 3330 2146 3330 2265 3316 2267 3300 2267 3248 2141 3230 2139 3230 2136 3230 2097 3246 2092 3248 2085 3246 2022 3230 2019 3230 2017 3230 2015 3230 2012 3230 1989 3246 1984 3248 1963 3246 1827 3227 1825 3227 1823 3227 1774 3246 1769 3246 1490 3246 1490 3244 1453 3227 1451 3227 1448 3227 1357 3244 1352 3244 1348 3244 1263 3225 1261 3225 1259 3225 1191 3244 1186 3244 1165 3225 1163 3225 1160 3225 1158 3225 1156 3225 1092 3244 1085 3244 723 3244 720 3241 695 3222 692 3222 690 3222 650 3222 648 3222 645 3222 643 3222 620 3241 617 3241 505 3241 505 3290"/></Shape>
	    <String CONTENT="– Des camions bidon, j’annonce. Rien de plus"
                    HPOS="503"
                    VPOS="3222"
                    WIDTH="1764"
                    HEIGHT="108"
                    WC="0.9987545067613776"></String>
          </TextLine>

          
          
          <TextLine ID="eSc_line_095ea505"
                    TAGREFS="LT4161"
                    BASELINE="407 3405 1254 3405" 
                    HPOS="407"
                    VPOS="3337"
                    WIDTH="847"
                    HEIGHT="96">
            <Shape><Polygon POINTS="407 3405 407 3421 559 3421 571 3431 571 3433 573 3433 575 3433 578 3433 1254 3419 1254 3405 1254 3360 997 3337 994 3337 835 3358 821 3346 821 3344 819 3344 816 3344 716 3337 713 3337 711 3337 709 3337 709 3339 697 3349 592 3342 589 3342 587 3342 585 3342 564 3358 535 3342 533 3342 531 3342 432 3344 430 3344 428 3344 407 3356 407 3405"/></Shape>
	    <String CONTENT="con que les camions..."
                    HPOS="407"
                    VPOS="3337"
                    WIDTH="847"
                    HEIGHT="96"
                    WC="0.9898947396061637"></String>
          </TextLine>

          
          
          <TextLine ID="eSc_line_c01b727a"
                    TAGREFS="LT4161"
                    BASELINE="510 3501 2260 3508" 
                    HPOS="507"
                    VPOS="3431"
                    WIDTH="1753"
                    HEIGHT="112">
            <Shape><Polygon POINTS="510 3501 507 3515 638 3517 659 3536 662 3536 664 3536 667 3536 751 3534 753 3534 755 3534 772 3520 798 3534 800 3534 802 3536 889 3536 889 3534 891 3534 894 3534 912 3520 994 3534 997 3534 999 3534 1027 3520 1092 3538 1095 3538 1097 3538 1188 3522 1221 3536 1224 3536 1226 3536 1298 3522 1336 3534 1338 3534 1341 3534 1343 3534 1345 3534 1359 3522 1373 3534 1376 3534 1378 3534 1380 3534 1521 3522 1689 3541 1692 3543 1834 3543 1834 3541 1837 3541 1839 3541 1860 3524 2132 3541 2134 3541 2258 3522 2260 3508 2258 3435 2211 3435 2209 3435 2207 3435 2204 3435 2183 3452 1916 3438 1862 3435 1860 3435 1858 3435 1855 3435 1853 3438 1830 3454 1415 3442 1390 3442 1387 3442 1380 3442 1289 3454 1252 3445 1231 3438 1228 3438 1226 3438 1224 3438 1221 3438 1214 3445 1200 3456 1142 3456 910 3454 903 3447 891 3438 889 3438 887 3438 884 3438 793 3447 753 3452 737 3449 662 3431 659 3431 657 3431 655 3431 634 3449 629 3452 510 3452 510 3501"/></Shape>
	    <String CONTENT="— Qu’est-ce que tu veux manger, Philippe?"
                    HPOS="507"
                    VPOS="3431"
                    WIDTH="1753"
                    HEIGHT="112"
                    WC="0.991969876173066"></String>
          </TextLine>

          
          
          <TextLine ID="eSc_line_73e7b6a6"
                    TAGREFS="LT4161"
                    BASELINE="404 3611 1348 3606" 
                    HPOS="402"
                    VPOS="3538"
                    WIDTH="946"
                    HEIGHT="94">
            <Shape><Polygon POINTS="404 3611 404 3632 1345 3627 1348 3606 1343 3557 1224 3557 1188 3538 1186 3538 1114 3538 1111 3538 1109 3538 1107 3538 1107 3541 1090 3557 849 3557 755 3541 753 3541 751 3541 748 3541 748 3543 734 3557 704 3541 702 3541 699 3541 697 3541 650 3557 435 3541 432 3541 430 3541 428 3541 402 3555 404 3611"/></Shape>
	    <String CONTENT="demande Fromage blanc."
                    HPOS="402"
                    VPOS="3538"
                    WIDTH="946"
                    HEIGHT="94"
                    WC="0.9961337311701342"></String>
          </TextLine>

          
        </TextBlock>
        
        <TextBlock HPOS="2136.081787109375"
                   VPOS="3700.188720703125"
                   WIDTH="146.9375"
                   HEIGHT="120.4365234375"
                   ID="block_1"
                   TAGREFS="BT10606">
          <Shape><Polygon POINTS="2136.08 3700.19 2283.02 3700.19 2283.02 3820.63 2136.08 3820.63 2136.08 3700.19"/></Shape>
          
          
          <TextLine ID="eSc_line_39cb1cde"
                    TAGREFS="LT4161"
                    BASELINE="2143 3789 2274 3789" 
                    HPOS="2143"
                    VPOS="3721"
                    WIDTH="131"
                    HEIGHT="86">
            <Shape><Polygon POINTS="2260 3786 2249 3739 2216 3721 2214 3721 2211 3721 2167 3721 2164 3721 2162 3721 2160 3721 2160 3721 2160 3723 2157 3723 2143 3765 2143 3789 2143 3807 2274 3807 2274 3789 2272 3784 2260 3786"/></Shape>
	    <String CONTENT="158"
                    HPOS="2143"
                    VPOS="3721"
                    WIDTH="131"
                    HEIGHT="86"
                    WC="0.999798317750295"></String>
          </TextLine>

          
        </TextBlock>
        

        
      </PrintSpace>
    </Page>
  </Layout>
</alto>
