2977 4210
774 458 993 96 — Et vous avez accepté ?

765 554 936 107 — Je l’ai envoyé paître.

769 661 565 96 — I ainsisté.

765 764 1807 101 – Non. Justement, c’est ce qui m’a étonné. Il

657 872 1919 100 me dit OK, on n’en parle plus, mais que ça serait

657 972 1915 92 chouette de nous revoir. Je le sentais désespéré. Il

659 1080 1910 87 ma dit qu’il avait une nouvelle nana, très cool.

690 1183 1882 87 "Quand tu la verras, tu seras sur le cul, Cloclo! Tu

657 1288 1912 98 as un crayon et du papier?" Il me donne un numéro

655 1389 1910 91 de téléphone en banlieue puis se ravise. Je l’entends

657 1492 1910 110 parler à quelqu’un à l’autre bout du fil et il propose de

659 1602 1903 96 venir me chercher. “Ma copine est un vrai cordon¬

655 1702 1910 91 bleu, elle propose de nous faire un dîner indien, tu

652 1807 1913 89 aimes la cuisine indienne? Je te ramènerai chez toi

655 1913 1903 103 après... Prépare-toi, je passe te prendre dans cinq

652 2020 1910 85 minutes." Les cinq minutes ont duré deux bonnes

650 2119 1908 88 heures. Rémi était au volant d’une voiture rouge.

688 2221 1870 101 "Ça a l’air d’une simple Alfa mais, sous le capot,

650 2324 1910 94 il y a un moteur de Ferrari." Je lui ai demandé si

652 2430 1908 91 la voiture était à lui. Il m’a répondu avec un clin

648 2535 1907 100 d’œil que c’était tout comme et il s’est engagé dans

650 2638 1905 91 une traversée de Paris qui avait tout du rodéo. Nous

650 2743 1912 96 avons abouti dans une banlieue reculée; il m’a

648 2846 1910 101 flanqué un coup de coude dans les côtes. “Ça ne te

648 2951 1907 103 rappelle rien?" Je regardais les pavillons, les cités

650 3054 1903 103 et les villas qui défilaient. Un air peut-être de déjà¬

655 3164 1903 96 Vu mais la banlieue, quoi. On s’est garés devant la

652 3262 1901 106 grille d’une petite maison plutôt jolie. “Tout le

650 3368 1910 88 monde descendl’’ Il a sorti les clés. “Tu es chez

650 3477 1910 87 moi, mon pote." J’ai reconnu la maison comme la

652 3578 1906 103 belle blonde qui m’a accueilli en disant qu’elle était

648 3767 131 82 278
