2977 4210
760 409 1898 98 et explique qu’ils ne rentreront plus jamais. L’arri¬

767 509 1891 87 Vant s’excuse, il ne pouvait pas savoir. Il veut faire

760 610 1898 86 demi-tour mais on le retient. Qu’il se réchauffe

762 711 1896 100 d’abord. Victor hésite puis finit par s’asseoir. On

760 811 1891 105 lui demande s’il a déjà mis les pieds à Paris et pour¬

762 921 1892 87 quoi il veut y aller. Alors, il raconte sa vie de môme

760 1022 623 86 de l’Assistance.

844 1125 1807 86 Son histoire commence dans une cuisine de

755 1230 1899 91 ferme. La cuisine de sa patronne. Un endroit

753 1330 1889 94 clair, moderne. Gazinière, frigo, machine à laver,

755 1433 1892 89 télévision couleurs, assiettes en Arcopal. Victor

753 1538 1889 87 et deux vieux employés édentés sont attablés dans

753 1641 1882 87 la cuisine. Le couvert est mis. Les anciens chu¬

751 1744 332 85 chotent.

875 1845 1762 91 "Dis-lui. (Je raconte exactement comme Victor

753 1941 323 103 l’a fait.).

882 2046 702 103 — Non. Dis-y, toi.

874 2140 1186 112 – Non, c’est à Victor de dire.”

837 2254 1791 103 Un des fossiles se penche vers Victor et lui

744 2343 1881 116 souffle à l’oreille: “Tu vas lui dire, bonguieu!”

847 2462 1771 101 Victor fait signe que oui. Ils attendent. Leur pa¬

744 2572 1879 82 tronne pose devant chacun d’eux un morceau de

744 2675 1874 91 pain. Elle leur sert un verre de vin et une assiette

741 2776 1877 96 de soupe. Mais ils n’y touchent pas. Les vieux

741 2876 1873 87 schnocks anxieux regardent Victor. La taulière

746 2977 1830 103 grogne: “Eh bien, qu’est-ce que vous attendez?

830 3087 1777 96 Après un geste d’encouragement des vioques,

751 3183 1573 86 Victor se lance: “J’en voudrais davantage.

830 3288 1777 98 – Vous mangerez plus quand vous travaillerez

734 3386 1870 103 plus, dit la fermière, l’œil mauvais. Et si vous en

737 3497 533 102 voulez pas...”

730 3669 133 89 192
