2977 4210
634 446 1980 96 à fond la caisse sur l’autoroute. Le trafic est fluide

744 339 1870 96 ... Pendant ce temps-là, le 4x4 continue à rouler

629 561 1980 100 et mes infimiers parlent à mi-voix pour ne pas me

629 659 375 96 réveiller.

723 767 1881 100 Soudain j’entends Fromage blanc demander:

795 877 1086 105 — Tu connais la Bretagne ?

716 984 1891 105 Il se tient le dos droit, les avant-bras posés sur

627 1092 1977 112 les cuisses. Un peu crispé, Boule de neige garde

627 1199 707 103 l’œil sur la route.

737 1312 1015 103 — Jamais eu l’occasion.

798 1417 1797 107 —Tu verras ! Que des ploucs!... Par contre,

624 1527 1976 107 les Bretonnes... chaudes, les salopes! Chaudes, je

622 1634 442 110 te dis pas!

716 1740 1881 107 Ils sont trop, ces débiles. Je me mets à brailler:

746 1852 1844 105 — Dégueulasses ! Vous êtes que des dégueu¬

624 1957 312 94 lasses!

744 2065 1420 110 — On croyait que tu roupillais, toi.

725 2172 1868 106 – Comment vous croyez que ça dort, un idiot?

624 2280 1971 108 je gueule. Hein, comment vous croyez que ça dort,

620 2385 1975 94 un louf? Roulé en boule comme les chiens sur le

620 2486 435 112 plancher?

713 2598 1877 103 J’ouvre la vitre et je me penche pour hurler vers

620 2708 1973 98 les voitures qu’on dépasse. Clotaire se retourne

622 2811 1966 103 brusquement. Il m’alpague au collet, me rassoit de

620 2914 912 89 force et baisse la vitre.

718 3021 1606 110 Hypocrite, Fromage blanc désapprouve.

723 3122 1646 112 – T’es un peu brutal comme mec, non?

723 3224 1288 101 – Je t’emmerde ! hurle l’autre.

716 3349 1863 96 Je me mets à rire et remarque tout doucement:

730 3441 1260 105 — T’as vraiment pas peur, toi!

716 3539 1067 123 — Ta gueule, dit Clotaire.

716 3646 351 105 Je siffle.

629 3842 131 92 136
