2977 4210
720 413 1812 96 les portes à ouverture automatique, surplombait

718 514 1804 105 légèrement le magasin. En uniforme de vigile,

716 617 1804 96 debout près d’un classeur, la tête dans les mains,

716 722 1809 105 sa casquette réglementaire posée devant lui, il

711 827 1816 94 était en train de potasser un traité d’informatique

711 935 1809 103 en repoussant le livre de temps en temps pour gri¬

713 1033 1594 108 bouiller quelque chose dans son petit carnet.

793 1136 1736 108 À peine avait-il remarqué Rémi. Il lui avait

711 1246 1814 105 prêté d’autant moins attention que son supérieur

709 1351 1816 89 hiérarchique faisait une entrée fracassante. “Non

706 1454 1770 89 mais où tu te crois, Dugland? Sous les cocotiers?“

786 1560 1739 88 Clotaire avait refermé doucement son bouquin

706 1665 1812 86 sans se départir de son calme. “Je viens de faire

704 1765 1816 92 une ronde, chef. Tout est OK.“ L’autre avait demandé

706 1868 1812 103 s’il le prenait pour une bille. “C’est dès que t’as le

702 1976 1813 100 dos tourné qu’ils chourent!... Et puis, t’es pas dans

702 2074 1813 105 une bibliothèque“, avait-il ajouté en fixant le bou¬

702 2189 1820 96 quin. Clotaire avait répondu qu’il avait un examen

699 2282 1816 98 le lendemain. “Rien à foutre! avait braillé le sur¬

704 2392 1809 103 veillant. T’es payé pour gratter, y a assez d’étu¬

697 2495 1816 91 diants et de feignants comme ça, alors tu la boucles

695 2603 1811 96 et tu bosses, sinon je te renvoie vite fait au chô¬

697 2706 1596 88 medu, moi! Ho, tu percutes, crève-la-faim?“

788 2806 1725 101 – Bien obligé de percuter, commenta Clotaire

690 2914 1821 103 en rapportant ce dialogue à Luna. Alors, je suis

695 3017 1816 93 sorti de mon bocal pour descendre dans l’arène. Je

697 3129 1814 96 vois tout de suite ce jeune qui s’arrête dans la tra¬

695 3227 1816 103 vée où sont suspendus les blousons de cuir. Il les

688 3335 1823 98 regarde, les palpe, en choisit un et retire sa vareuse

692 3438 1819 96 pour l’enfiler... C’est le moment où je surviens au

692 3543 1819 108 bout de la rangée. Nos regards se croisent, il sourit.

685 3725 92 87 86
