2977 4210
709 460 1879 101 je vois quelques bouseux massés devant l’unique

702 561 1881 100 café qui fait aussi épicerie et tabac. Des trognes

704 664 1875 98 bien rouges, grand air et calva. Ils assistent au débar¬

702 776 374 89 quement.

793 865 416 103 Je beugle:

802 965 1774 103 — Ah, les tronches! Si le curé a cette binette-là,

702 1080 493 96 je me casse!

786 1178 1788 101 Les autres me poussent pour descendre. Le chauf¬

697 1295 1884 75 feur du car interrompt sa conversation avec un

697 1384 1144 103 plouc pour s’adresser à Rémi:

835 1485 1732 105 — L’abbé Terraqué, c’est un peu plus loin. Je

697 1595 410 93 vous dirai.

774 1695 1798 96 On remonte dans le car qui repart. Le temps ne

690 1796 1882 91 S’améliore pas. On entend des roulements de ton¬

688 1903 1884 103 nerre, annoncés par des éclairs de plus en plus

685 2006 454 106 rapprochés.

772 2313 1797 100 Le car s’arrête un peu après le village, à l’entrée

678 2418 1896 89 d’un chemin creux qui grimpe dans la colline. Le

676 2521 1898 89 chauffeur indique cette direction, cent mètres et

688 2631 451 93 vous y êtes.

767 2729 1800 89 Nous trimbalant moi et mes valises, mes anges

681 2834 1884 98 gardiens s’engagent dans le chemin creux qui, très

681 2937 1886 87 Vite, devient raidillon. Je me marre en les observant.

681 3040 1891 87 Je peux lire en eux comme dans un livre. C’était

676 3141 1891 86 la fin de leur chemin de croix. Au bout était le

676 3244 1889 107 paradis. Ils auraient mérité d’y arriver, portés par

678 3372 379 80 un nuage.

762 3445 1793 110 Pour l’instant, ils continuent leur pénible pro¬

678 3573 347 82 gression.

671 3744 138 80 256
