2977 4210
765 549 744 82 toutes les coutures.

858 446 1798 87 Le pandore prend son permis et l’examine sous

760 743 1896 101 de Paulo. Il regarde ses papiers et part d’un gros

854 638 1804 105 Pendant ce temps-là, le deuxième lardu s’occupe

762 844 494 86 éclat de rire.

868 937 1788 92 – Chef! On a affaire à une fausse perm! (Il.

760 1038 1891 94 regarde le troufion d’un air méchant.) Un déser¬

762 1143 597 101 teur, peut-être?

856 1244 1802 86 Le bidasse tend les mains en avant. Il transpire

769 1347 1482 98 à grosses gouttes d’angoisse et de peur.

938 1445 1716 98 — Pas du tout, non, non, j’ai deux jours de

765 1550 400 94 perm et...

854 1641 1800 89 Le guignol lui met la main sur l’épaule et le con¬

760 1742 1891 89 duit vers la camionnette. Le gradé regarde alterna¬

762 1843 1892 95 tivement Cul noir et Cul blanc puis, me désignant,

767 1941 548 103 il grommelle:

933 2044 1716 98 — Alors ! vous n’avez pas les papiers du véhi¬

760 2140 1655 100 cule? Et cet enfant, qui est-ce? Un parent?

854 2245 1797 96 Immobile, assis sur le talus gazonné, je regarde

760 2348 1891 84 cette scène. Au début, ça m’amusait de voir mes

760 2441 1887 89 deux connards d’infirmiers maltraités par les

765 2547 1884 84 bourriques. Juste retour des choses. A eux d’être

758 2642 1889 96 emmerdés. Mais pour le grifton, j’étais écœuré.

762 2748 1887 82 Non seulement on lui baisait une année de sa vie

760 2844 1889 88 mais on le faisait devenir chèvre. Tout ça me semble

760 2944 1891 96 complètement barge. Je suis pris d’une frénésie

765 3042 1882 89 subite. Je bondis sur le pandore-chef et le martèle

762 3143 1140 103 de coups de poing en hurlant:

872 3237 1772 102 — Ce sont mes potes! J’ai pas été kidnappé,

760 3339 1882 92 C’est des conneries ! Le plouc, il a dit que des con¬

760 3438 1884 107 neries! Des potes, j’vous dis! On va chez le curé qui

762 3545 841 96 s’occupe de mômes...

755 3718 148 87 240
