2977 4210
692 481 1793 108 — Pourquoi tu nous fais chier comme ça?

571 598 990 110 Qu’est-ce qu’on t’a fait?

657 713 1826 112 Blanc-bec se rapproche de nous avec des bon¬

573 832 1912 108 bons. Il en a dépiauté un et le mâchonne, histoire

575 954 1912 89 de se donner une contenance. Il me tend les

573 1068 1912 106 autres mais je ne les prends pas et recule vers la

580 1195 288 82 caisse.

709 1293 1776 110 — Vous savez que je suis dingo et vous arrêtez

587 1417 878 103 pas de me provoquer!

678 1517 1805 110 Je lance un regard dans la bagnole. J’aperçois la

592 1630 1891 110 pointe brillante du crochet qui dépasse sous la

596 1747 422 105 banquette.

748 1850 1721 107 — Comment ça, on te provoque? dit Rémi.

690 1957 1793 112 Je lui jette un coup d’œil rapide. Il n’a pas intérêt

610 2074 967 101 à trop m’agacer celui-là !

732 2170 1746 105 — Allez, prend les bonbons, dit Fromage blanc

613 2287 465 79 en souriant.

706 2385 1770 89 Il a l’air franc comme un âne qui recule, comme

622 2493 1854 98 on dit en Sologne. Je deviens aussi sournois que

620 2593 709 99 lui et je demande:

767 2694 1706 105 – C’est toi le copain de Luna? Tu veux que je

622 2806 723 82 lui dise à ta meuf ?

725 2900 1163 103 – Lui dire quoi? il demande.

734 3005 1739 101 — Que t’es un beau dégueulasse, je fais, un

624 3110 1852 98 cradingue merdique... Et toi aussi le nègre, toi

627 3208 1844 101 aussi, t’es un grand dégueulbif... Vous êtes tous

631 3318 808 80 les deux des pourris!

720 3414 1749 84 Je me tiens dos à la voiture, ramassé sur moi¬

627 3510 1844 98 même, prêt à bondir. Mes gardiens échangent un

631 3615 1835 85 regard rapide et je vois qu’ils ressentent la chose de

631 3709 1835 96 la même façon: ils ont devant eux un fauve. C’est

634 3884 138 78 152
