2977 4210
779 465 1828 93 Pour se taper sa bonne, le ratichon il ne devait

688 563 1912 108 pas être dégoûté. D’ailleurs, pour être franc, il

685 673 1915 98 n’y touche pas car le cul c’est pas son affaire au

683 774 1914 103 cureton. Ce qui le branche, le révérend, c’est ses

685 881 1915 91 abeilles; pour un peu, il coucherait avec. Je n’ai en

685 994 1915 93 principe rien contre les vieux mais sincêrement,

685 1092 1915 86 cette pauvre Alberte, elle me débecte. Pas à cause

685 1190 1915 91 de l’odeur qu’elle trimbale. Les relents de lessive

688 1300 1912 86 et d’écurie, 1’aime plutôt. La senteur du crottin

685 1403 1908 86 comme l’arôme des bouses grasses, bien baveuses.

685 1506 1910 112 Le parfum du crottin surtout, j/adore. Cette bonne

690 1613 632 87 senteur d’anis...

777 1709 1813 105 J’aurais bien voulu lui faire une gâterie, par cha¬

683 1821 1910 99 rité, à la gouvernante, parce que je suis une bonne

685 1927 1910 86 nature au fond, mais avec ces touffes de poireaux

685 2039 1903 91 qu’elle à sur les joues, c’était pas possible, j’aurais

683 2126 1903 105 été capable de lui gerber à la gueule. C’est d’ail¬

685 2231 1905 93 leurs ce qui m’a donné l’idée de le lui faire avec

683 2336 1907 101 ça. J’en ai choisi un bien gros dans la botte qu’elle

683 2444 1905 98 avait ramenée du jardin avec les légumes pour

683 2547 1907 88 faire la soupe. Une carotte aurait pu faire l’affaire

681 2656 1909 85 mais un poireau, j’ai trouvé que c’était mieux, vu

683 2757 1912 101 toute cette putain de végétation qui lui poussait

688 2862 554 89 Sur la tronche.

788 2958 1603 108 — Vous voulez que je vous aide? j’ai dit.

812 3063 1776 99 — Tu es un vrai amour du bon Dieu. Si tu

681 3171 1444 101 m’aides, l’épluchage se fera plus vite.

772 3272 1816 107 J’ai saisi le plus gros poireau, je l’ai décrotté et lui

678 3379 1910 101 ai assuré qu’il y avait plusieurs manières de s’en

681 3489 1902 96 servir et, comme elle ne voulait pas comprendre,

681 3590 873 105 je suis passé à l’action.

674 3767 140 87 274
