2977 4210
650 477 1772 96 Et, comme s’il avait saisi une interrogation muette,

559 580 1147 98 Clotaire s’empresse d’ajouter:

671 678 1748 100 — Ilaimait la nuit parce que la nuit, la lumière

552 785 1865 96 est noire... Ce sont ses propres mots. Nous avons

552 888 1865 94 été si surpris, Rémi et moi, que nous sommes

552 987 1867 98 demeurés sans voix. Et le môme a expliqué que la

552 1092 1867 96 nuit noire montre qu’ils ont les yeux rouges. De

552 1190 1858 98 qui parles-tu? j’ai dit. Et il m’a demandé en haus-

549 1291 1863 100 Sant les épaules si je le prenais pour une bille, tu le

549 1393 1866 96 sais bien, toi, le Black, de quoi on vous traite. Il a

549 1501 1061 84 marmonné entre ses dents...

662 1595 1748 103 — Est-ce qu’il a parlé de rats? demande Luna

545 1698 377 105 intriguée.

664 1805 1739 98 — Ça ou quelque chose que je n’ai pas compris.

542 1906 1866 86 Je me suis tourné vers Rémi. Il a levé les yeux au

535 2002 1866 91 ciel et m’a fait signe de laisser tomber. Ulcéré, Phi¬

540 2107 1863 98 lippe a ouvert la portière de la voiture et l’a refer¬

538 2210 1870 96 mée brusquement. Il l’a ouverte de nouveau et

540 2308 1865 94 l’a encore claquée. Tu arrêtes? j’ai fait d’un ton

533 2416 1870 93 menacant. Mais le gamin paraissait ne rien vouloir

535 2516 1866 89 entendre. Un pli lui barrait le front; il glissait les

538 2621 1863 96 doigts sous la poignée et tirait à lui d’un coup sec.

533 2720 1865 91 La portière s’ouvrait brusquement et venait heur¬

533 2825 1868 98 ter violemment son genou qu’il avait placé là en

535 2923 1859 103 prévision. D’une vive détente de la cuisse, il repous¬

535 3033 1868 82 sait la tôle qui revenait s’encastrer avec un son

531 3131 1872 84 métallique dans son logement. Il était tout à son

531 3227 1863 105 jeu, il nous avait oubliés. Il ne se lassait pas d’en¬

538 3337 1863 98 voyer la porte valdinguer, la rouvrant et la tapant

531 3435 1547 89 de nouveau... On aurait dit qu’il vérifiait.

636 3536 1018 100 — Il vérifiait, assure Luna.

2274 3728 124 79 171
