2977 4210
872 467 1131 101 Je l’interromps bruyamment:

917 570 1746 96 — Téléphonez au curé de Painclain, vous ver¬

779 666 1889 94 rez bien! Il m’attend! Il élève des abeilles! Il va

779 776 559 101 m’apprendre!

875 877 1795 86 Il me regarde avec un air de compassion, charité

779 972 1886 106 et pitié, puis il se dirige à pas lents vers sa bétaillère.

868 1244 1804 93 Rémi a relié le treuil de la Cherokee au tronc d’un

779 1347 1893 98 gros chêne et il a enclenché le moteur. Lentement la

779 1461 1891 87 caisse commence à bouger. Cloclo l’aide avec un

777 1553 1888 93 levier et, bientôt, le 4x4 retombe sur ses quatre roues.

779 1648 1891 92 La tôle, du côté où il s’est balourdé dans le fossé, cst

774 1749 1891 91 fripée et arrachée. Une des roues est voilée, beau¬

774 1854 1894 101 coup trop voilée pour que la bagnole puisse rouler.

868 1952 1800 99 Fromage blanc et Boule de neige se regardent,

774 2058 443 86 consternés.

898 2149 1767 103 — Et merde ! dit Rémi... Putain de merde!

777 2254 1729 103 Qu’est-ce qu’il va nous passer, Pierre-Henry!

858 2355 1812 91 Ils m’observent. Les gendarmes sont à l’écart.

774 2455 1896 92 Dans leur camion le gradé tripote sa radio. On se

772 2563 1898 96 comprend, on aurait presque envie de se marrer.

772 2663 1898 96 Les deux potes et le gamin zinzin sont tout près

772 2759 1898 92 l’un de l’autre, dans leur monde à eux, de nouveau

774 2867 765 84 tous les trois réunis.

858 2961 1812 105 Je passe mon poids d’un pied sur l’autre, regar¬

769 3068 1908 98 dant par en dessous les deux gendarmes qui, à

769 3166 1901 89 quelques pas, allument des cochonneries de maïs.

767 3269 1910 84 On pouvait entendre le silence, ouais, Luna, une

765 3368 1914 100 étrange qualité de silence. On avait l’impression

769 3470 1910 99 d’être au bout de la route, à la fin du voyage. On

769 3573 1274 92 se sentait tout bêtes, déconnectés.

758 3749 145 89 242
