2977 4210
709 626 1640 99 se réapprovisionner en fuel. Il fallait compter pas

706 729 1643 84 moins de trois heures pour y arriver. Au moins,

709 820 1645 96 pensait le François, la mer est calme, mais tout

709 919 1636 93 bon pêcheur sait que ce n’est oncques ce que le

711 1015 517 93 poisson préfère.

786 1103 1559 96 Plus ou moins affalé sur le gouvernail, le patron

709 1195 1629 96 bâillait. Plus que dix minutes et je passe la timo¬

709 1295 1624 89 nerie au Yvon, c’était bien son tour à ce bon sang

709 1379 428 106 d’efflintché!

791 1473 1542 91 Soudain le François tendit le cou. Une faible

711 1574 1622 79 brise venait de se lever. Contre toute attente, cette

713 1662 1613 89 subtile agitation se mit à dissiper le brouillard épais,

711 1754 1613 86 à le déchirer comme si ce n’était que brume, bou¬

711 1845 1613 98 cane légère, misérable buée et, avant que ce piètre

711 1936 1613 84 cache-misère eût tout à fait disparu, une lune éton¬

709 2030 1617 82 nante apparut, pleine, très basse sur l’horizon. Bien

711 2119 1613 95 qu’elle fût inattendue, ce ne fut pas son apparition

713 2210 1608 82 qui fit frissonner le marin. C’était une tout autre

716 2299 1601 81 Vision qui lui grattait tant les nerfs au François ! Si

713 2390 1604 79 tellement amazing! se disait-il. Oui, une vision de

709 2479 1036 79 cauchemar à te faire grincher...

786 2565 1528 84 Du coup, pour se rassurer, il alla quérir les jumelles

711 2656 1603 82 rangées dans la caisse derrière lui sur la paroi de

711 2745 1603 82 l’habitacle. Mais, vu à travers ces carreaux-là, c’était

711 2837 1598 88 encore bien pis: ce qui lui apparaissait icitte dans

709 2923 1598 84 le travers de l’oculaire, c’était un grand voilier,

711 3012 1596 87 pareil comme le vaisseau du Hollandais volant.

704 3099 1603 91 Les voiles tendues à craquer. Un superbe navire

702 3185 1603 91 de haut vol avec, au faîte du mât, claquant dans le

706 3279 1599 79 vent, un drapeau tout ce qu’il y a de plus noir. Nenni

699 3360 1603 101 qu’il rêvât, le François. Ce qui se déployait dans la
