2977 4210
472 413 1884 106 trop tard. Maintenant, il faisait partie de cette

470 519 1884 91 histoire-là. J’en fais vraiment partie, songeait-il. Il

472 624 1882 101 vit une très jeune fille surgir derrière une porte

477 727 1877 89 vitrée. Elle lui souriait. Dès qu’elle eut capté son

468 832 1886 101 regard, elle souleva sa robe, la remonta jusqu’au

468 937 1884 101 cou et, se montrant complètement nue, plaqua son

470 1043 1886 112 petit ventre contre les carreaux de verre. Oui, se dit

470 1141 1879 93 Clotaire, à cause de cette fille, à cause de Luna, à

475 1255 1214 94 cause du gamin, à cause de tout.

559 1351 1638 103 Il surprit sur lui le regard ironique de Rémi.

566 1459 1772 101 – Monsieur éprouve de la compassion, mon¬

477 1562 903 86 sieur a mal à son âe...

554 1660 1786 94 Clotaire eut la certitude que l’autre l’avait deviné.

472 1765 1866 103 Le retour de la psy lui évita de répondre. Elle arri¬

479 1875 1861 101 vait en compagnie d’un garçon qui portait deux

477 1976 622 86 énormes valises.

557 2076 1781 89 Elle leur avait annoncé douze ans mais, avec

477 2182 1861 100 son torse qui, sous le maillot à rayures, gonflait le

472 2285 1861 95 MacDouglas, ses cuisses musculeuses qui ten¬

472 2388 1863 88 daient le Levis et ses Doc Martens à bouts ferrés

475 2497 1863 96 qui faisaient au moins du quarante, ce gamin-là

472 2596 1304 100 avait plutôt l’air d’en avoir quinze.

554 2701 1468 103 Luna lui présenta les deux jeunes gens.

561 2801 1772 101 – Lui, c'est Clotaire; et lui, Rémi... C’est avec

470 2907 1863 105 eux que tu vas faire le voyage. Et voici Philippe.

554 3017 1784 100 Le gamin lâcha sa valise pour empoigner la

468 3120 1863 91 main de Clotaire, il la serra de toutes ses forces et,

468 3222 1867 99 lui adressant un superbe sourire, se mit à parler à

470 3328 1374 100 toute vitesse en télescopant les mots.

571 3426 1757 108 — Formidable!... Super!... Vous êtes super

468 3534 1437 102 méga!... C’est quoi comme bagnole?

2209 3723 126 91 117
