2977 4210
435 432 1835 108 “Joli boulot ? Bravo.” Quand je veux mettre la

418 540 1849 91 main sur lui, il me repousse d’une baffe. Je lui crie

416 643 1842 103 de ne pas me toucher. Il rit: “T’es dégoûté, flicton?

421 753 1849 98 Ou tu fais le dégoûté?“ Et, comme pour rire, il me

421 856 1846 100 flanque une autre beigne. Cette fois-ci, sur la joue.

423 961 1844 89 J’entre dans une fureur noire de Noir et je me mets

423 1064 1844 89 à cogner très fort. Nous nous battons comme des

421 1164 1844 101 chiffonniers. Une vilaine bagarre, sans style. Des

423 1277 1847 91 coups qui n'arrivent pas, ou à moitié, mais ceux

423 1372 1847 99 qui touchent au but font mal. Des flics qui passent

425 1480 1845 82 en bayant aux corneilles se ruent sur nous, la

423 1578 1844 89 matraque à la main. Rémi et moi on a l’air de deux

423 1681 1835 96 loubards qui s’expliquent. Ma tenue est en loques:

425 1786 1842 94 ma fonction, disparue : et en plus. je suis noir. Je

428 1885 1839 98 peux vous dire que les flics ne font pas de détail.

428 1995 1837 79 lls tapent comme des forcenés. Quand nous sommes

428 2093 1839 91 tous les deux sur le carreau, un gradé se tourne

428 2189 1839 96 vers moi. Il me parle à peu près sur le même ton

423 2292 1842 98 que mon chef au supermarché:“Tu te crois où,

423 2392 1842 101 toi? Dans une ménagerie?“ Rémi rigole, il se

423 2493 1842 100 fiche de moi: “C’est tes potes. non ? Qu’est-ce

423 2593 1840 103 que t’attends pour me balancer?" Je fonce sur lui,

423 2703 1837 96 mais une matraque me cueille au plexus et me plie

423 2809 1840 79 en deux : une autre qui me rentre dans les reins

423 2907 1842 84 me fait me redresser et une troisième me caresse

423 3007 1842 99 le menton tandis que la voix d’une fliquette me

425 3108 1812 98 susurre à l’oreille: “Tout doux, petit... tout doux.“

425 3211 1838 100 Et c’est le gradé qui a le mot de la fin: “Faut pas

425 3311 1842 94 te croire dans la brousse, mon vieux!" C’est cet

423 3417 1842 96 empaffé qui, plus tard, a refermé sur nous la porte

425 3517 1831 101 de la cage: “Souviens-toi: ici, t’es en France...

2178 3695 89 89 89
