2977 4210
503 383 1865 87 tu m’entends du ciel, même s’il n’existe pas...

503 479 1872 98 Pauvre Yolaine! Quand on la regarde cette môme,

503 584 1872 96 on comprend qu’on est peu de chose. C’est pour¬

503 680 1874 91 quoi je ne peux laisser mes copines continuer à

500 776 1875 91 l’embêter. Si c’avait été Catherine Deneuve, met¬

500 884 1877 98 tons, ç’aurait été un plaisir de la voir nager et se

498 982 1875 96 démerder dans cette mouscaille; mais pas elle.

503 1085 1867 89 Car c’est une petite sœur de malheur, Yoyo. Entre

500 1178 1114 96 débiles, faut être solidaires...

592 1284 1774 95 Pas besoin de me faire un dessin, je sais de quoi il

500 1391 1873 89 retoune. Je me précipite en braillant et en faisant

498 1492 1868 91 de grands moulinets pour écarter les rats volants

500 1595 1870 100 qui m’engueulent. Pour un peu, ils voudraient

500 1700 1861 86 bien me faire la peau à moi aussi. Mais je sais que

496 1798 1860 91 ce n’est que de l’intimidation et je me mets à trom¬

500 1899 1852 107 peter plus fort qu’eux. Il y a bien un peu de résis¬

498 2006 1863 99 tance mais, tout en protestant, les bestioles prennent

498 2109 1854 101 du recul. Je peux enfin approcher. Ce que je vois

500 2212 1856 98 vraiment n’est pas ragoûtant, on dirait vraiment

498 2313 1701 100 que la gravosse a chié une portée de méduses.

610 2416 1730 102 — Zéphyrin, va faire chauffer un peu d’eau.

578 2516 1769 105 C’est ça qu’on entend parfois dans les films à la

493 2624 1849 91 télé. Alors, je dis ça comme ça, tout doucement.

493 2729 1847 103 Pour ne pas faire peur à Yolaine et aussi parce que

496 2834 1107 103 je sais que le nègre m’a suivi.

575 2939 993 101 Je l’entends qui s’éloigne.

641 3040 1690 105 — Où tu vas? Il y a bien ici assez de saloperies

491 3141 344 107 à brûler!

564 3248 1767 98 Il revient. Il va et vient, tournicote autour de la

486 3360 1845 103 bagnole, ramasse des bouts de plancher. Yoyo qui

489 3468 1835 94 a cessé de hurler le regarde faire, la bouche ouverte.

2246 3653 78 89 57
