2977 4210
816 299 1950 105 lui-même, il s’énerve de plus en plus et je sais que

819 411 1256 103 je ne vais plus pouvoir l’arrêter.

807 622 1954 98 et elle se croit obligée d’intervenir. Cette sangsue

917 519 1842 100 C’est ce que Luna a compris depuis longtemps,

805 727 1959 105 dégouline de tendresse. Moi, j’ai le défaut de ne

805 837 1956 110 pas être idiot. Il paraît que j’ai été autiste, comme

807 949 1952 98 Vous dites. Alors, mettons que je le suis encore,

802 1061 1959 96 autiste. Je ne peux, je ne veux rien saisir de votre

802 1160 1950 112 blabla péroré n’importe quoi. J’ai le mien de jar¬

805 1270 1949 107 gon, je suppose, et tout aussi imbitable. La diffé¬

795 1386 1957 103 rence c’est que je me fous d’être compris puisque,

800 1492 1957 103 Si intelligent que je sois, je n’entrave que dalle à

795 1599 1950 103 ma propre personne. Et c’est normal, si vous pre¬

795 1702 1954 105 nez la peine de réfléchir! Vous pouvez concevoir

798 1812 1951 108 pourquoi mais est-ce que le hérisson comprend

800 1915 1940 112 pourquoi il se met en boule à l’approche du dan¬

802 2023 1943 107 ger. Je suis hérisson et je n’en peux plus d’être

798 2135 362 103 compris.

992 2228 1741 113 Tu n’as pas dit bonjour à Rémi, Philippe.

887 2345 1846 99 La voix calme et plate, c’est ça son intervention.

800 2448 1931 89 Je croche la main de Rémi et la serre de toutes

795 2554 1936 88 mes forces. Je suis très costaud comme môme, c’est

798 2656 1930 106 pour ça que, dans la taule à la mère Bonpied, on

795 2766 1924 101 me craint et je suis devenu expert pour broyer les

798 2874 1137 101 mains, je m’entraîne pour ça.

971 2968 1097 107 —C’est qui qui conduit, lui?

884 3080 1683 98 Je dresse mon pouce pour montrer Clotaire.

966 3185 473 96 - Non, moi.

882 3288 1828 108 Je pousse alors du pied une valise vers le Black

795 3400 735 89 et je le commande.

915 3501 1055 107 – Bon, alors porte-moi ça.

791 3686 140 91 122
