2977 4210
540 435 1748 102 Tandis que la Coccinelle repartait vers Paris,

454 542 1837 98 Luna a fait en sorte que Clotaire puisse se rendre

456 645 1835 87 à l’évidence : le Vert-Paradis est vraiment une

449 743 1837 96 institution pour enfants difficiles, un truc d’anti¬

451 849 1837 105 psychiatrie machin bidule et elle-même, Luna,

449 954 1842 103 y travaille vraiment. Le môme existe bel et bien, il

444 1061 1847 87 faut vraiment le conduire en Bretagne chez un

447 1164 1305 89 curé. Pour une fois, Rémi a dit vrai.

519 1265 1772 103 Quelques instants plus tard, ils se trouvaient

442 1370 1844 101 assis à table chez elle, grignotant un dîner à base

437 1475 1842 96 de tartines. Sur le canapé, Rémi, qui ne se sou¬

437 1574 1847 102 ciait guère d’eux, composait fébrilement des

437 1676 1840 103 numéros de téléphone tout en mangeant. Elle fai¬

437 1784 1842 96 sait le topo. Le gamin et sa sœur livrés à eux¬

437 1887 1847 98 mêmes. Un incendie criminel. Les soupçons qui

437 1988 1840 100 pesaient sur les mômes. Les parents décédés dans

432 2093 1845 100 des circonstances tragiques. Les enfants épargnés

432 2196 1845 98 dans un crime de sang jamais élucidé. Avant, un

435 2299 1837 103 père médecin du monde, toujours en vadrouille,

435 2404 1837 89 une mère qui oubliait son fils dans les aéroports.

435 2511 1837 99 Un gamin attachant mais paumé, vous verrez,

435 2614 227 87 euh...

507 2717 1763 101 Elle ne parvenait pas à se rappeler son nom.

430 2818 1835 105 Clotaire le lui a soufflé, mais elle n’a pas compris

435 2923 1823 103 tout de suite. "Clotaire, a-t-il dû répéter. Je m’ap¬

435 3026 505 105 pelle Clotaire.

519 3124 1741 108 — Pardonnez-moi, Clotaire... Bon. Ça fait plus

430 3234 1828 91 d’un an que Philippe est ici. Malheureusement ses

430 3335 1835 103 accès de violence le rendent insupportable aux

430 3435 1835 103 autres enfants. Il est gentil, attachant, mais violent

430 3541 1257 102 et impulsif... Il ne se contrôle pas.“

2141 3737 124 84 103
