2977 4210
599 463 1828 100 Elle lui a souri, s’est levée et s’est glissée dans

690 360 819 98 —Invite-moi, Magali.

507 570 1922 103 les bras du nègre en matant Fromage blanc qui

505 675 1926 87 dansait en serrant sa cavalière de très près. La

510 783 1917 119 Lucette se laissait faire en couinant doucement.

634 881 1526 103 – C’est un rapide ton copain, elle a dit.

596 987 1826 93 Ils dansaient, encore à distance l’un de l’autre.

510 1096 1912 99 Boule de neige s’est plié de rire et a dit entre deux

505 1204 363 96 fioquets:

681 1300 1736 103 — Il pense qu’à ça... C’est un tireur d’élite.

596 1405 1831 94 La mariée a éclaté de rire à son tour. Elle lui a

505 1513 1922 105 pressé le bras puis, après l’avoir regardé par en

507 1618 967 101 dessous, elle lui a glissé:

601 1721 1814 100 — Et toi, tu tires comment? Un fusil à un coup,

500 1826 852 103 Ou bien à répétitions ?

594 1929 1823 105 Pour le coup, il a été suffoqué, mon Blackos.

503 2034 1916 103 A l’autre bout de la salle, les garçons d’honneur

505 2149 1914 82 S’affairaient autour du marié qui venait de vomir.

505 2252 1914 84 L’un des trois pochetrons qui avaient accueilli mes

503 2357 1914 96 anges gardiens devant l’auberge était du nombre.

503 2458 1924 91 Pour l’instant, le gustave pinçait le nez du marié et

503 2565 1554 89 S’efforçait de lui faire boire une mixture.

599 2666 1823 103 – Bois, mon gars ! Bois ! C’est du foutre de

503 2778 1657 96 tigre. Il y a rien de mieux pour le mandrin !

587 2879 1830 89 Le marié a recommencé à gerber. Les autres se

500 2986 1917 89 Sont écartés précipitamment en torchant leurs habits

500 3092 1922 100 puis ils ont soulevé leur pote et ont entrepris de le

500 3194 1784 92 monter par l’étroit escalier qui menait à l’étage.

587 3300 1676 89 Au passage, un des lascars à hélé la mariée.

615 3400 1802 101 — On te le monte dans la chambre, Magali.

496 3508 1926 128 On te le déshabille, on te le prépare bien, on te le

2286 3697 141 84 205
