2977 4210
358 533 1722 100 plus tard à l’école, le fruit de l’accouplement ne

360 633 1495 82 sera connu que sous le sobriquet de Pipeau.

444 727 1376 93 Je suis donc Pipeau, pour mon malheur.

444 816 1496 100 Le merveilleux, le déjà trop célèbre Pipeau.

439 912 1634 98 C’est le fait d’être unique qui me remplit de ter¬

355 1012 1720 82 reur. Tous les gens me flanquent le trac, j’en aurais

358 1106 1720 93 moins peur s’ils étaient tous pareils, s’ils étaient

355 1202 1716 84 moins... mettons, des petits morceaux épars de n’im¬

358 1295 1715 94 porte quoi: bref, si je savais à quoi m’en tenir

358 1386 1713 87 avec eux. C’est ça mon malheur, d’être toujours

355 1482 1716 85 obligé de me tenir sur la défensive. Les autres me

358 1581 1715 81 surprendront toujours: avec eux, je ne peux rien

358 1672 1708 100 prévoir. Par contre, j'accepte très bien de m'appe¬

358 1765 1710 87 ler Philippe, même si c'est le prénom d’un maré¬

355 1857 1718 95 chal de France disqualifié. Cette rengaine dans ma

358 1955 1710 96 lignée, cette resucée des philippes me plaît. Des

355 2048 1395 106 philippes, comme on dirait des gaspards.

442 2144 1626 84 J’adore les rats. “Dans une autre vie, tu as dû

353 2242 1711 85 être un rat”, dit gentiment ma mamie qui meurt de

358 2336 1710 84 trouille quand elle en voit un. Elle ne croit pas à la

355 2434 1709 80 réincarnation, elle se moque seulement de moi

353 2528 1711 93 et, chaque fois que je dis, j’adore, elle me sonne

355 2617 1706 86 les cloches. “On n'adore que Dieu”, elle dit. Mais

362 2717 1699 94 j’adore ma grand-mère tout comme elle adore son

351 2809 1706 84 Jésus chéri. On voit des images de son idole dans

351 2907 1703 84 toutes les pièces de sa maison, de là cave au gre¬

348 3000 1711 94 nier. Elle a même cloué ces acrobates jusque sur

351 3096 1708 87 les poutres du toit et, au sous-sol, quand on lève

351 3192 1708 87 les yeux, on aperçoit, au-dessus de la porte de la

346 3288 1711 87 chaufferie, une vieille croix sur un fond de velours

351 3386 1706 87 bleu moisi dans son cadre doré tout tarabiscoté.

1975 3552 75 84 29
