2977 4210
1280 891 765 93 MAUXD’ENFANI

1090 998 1149 91 SOUVENIRS D’ENFRANCE

1977 1307 604 110 K7 n°2-face B

697 1487 1889 98 ... Après ça, la nuit commence à tomber J’ai encore

685 1590 1898 103 devant les pupilles cette vision de Yolaine à poil.

683 1693 1900 100 Comme une grosse dégueulasse, cette cochonne

683 1798 1900 87 continue de baver et de se branler dans ma tête.

683 1894 1900 96 Enfin, bientôt ça sera loin tout ça. En attendant, il

688 1997 1895 108 y a mes infirmiers, il faut que je les teste, que je

692 2102 1777 89 voie s’ils sont aussi pipeaux qu’ils en ont l’air.

767 2200 1816 103 On n’est pas encore très loin du Vert-Paradis

678 2303 1905 94 quand j’abats en même temps mes mains sur les

683 2409 1903 100 épaules des deux bidons qui sautent au plafond.

683 2509 1746 91 Complice, cette brave Cherokee fait un écart.

858 2612 1728 105 — Vous êtes mes potes! je braille. Super, cette

683 2715 1898 108 virée! J’adore rouler, moi! On prend l’autoroute,

681 2818 245 98 hein?

767 2925 1819 96 Fromage blanc fait un geste de la main, histoire

676 3033 1907 105 de dire OK pour l’autoroute; mais je vois bien qu’il

685 3145 1894 99 veut m’apprivoiser et, sans doute par la même occa¬

683 3253 1531 96 sion, Se rassurer ainsi que son collègue.

851 3351 1732 105 — Putain, j’adore les autoroutes, je beugle.

678 3454 1903 103 Ouais! J’adore les autoroutes, moi! On va bien se

678 3562 531 96 marrer, hein?

678 3746 136 106 130
