2977 4210
442 439 1842 96 fouiller dans la boîte à gants et en sortir une espèce

444 533 1842 107 de gros Walkman. Il le tend à Clotaire et lui parle

444 638 1835 91 à mi-Voix. J’ai l’impression qu’il se moque de lui:

475 748 1165 96 Alors, tu veux pas enregistrer?

526 851 1753 96 Si vous croyez que je ne vous ai pas entendus,

437 947 1851 103 mes mignons! Mais le nègre hausse les épaules et

437 1050 1844 100 ne répond pas à la vanne de Fromage blanc. Alors,

439 1153 1849 102 je continue à fouiller sous les banquettes. Je sors de

442 1258 1844 89 Vieux chiffons maculés de cambouis. Je les défroisse

437 1361 1854 98 et les déplie soigneusement. Dans l’un d’eux est

437 1461 1851 92 entortillé un bout de métal brillant. En voulant le

437 1564 1837 103 sortir du tissu, il me pique. Merde, je suce le sang

437 1669 1849 87 qui pisse de ma main en continuant de dérouler le

437 1772 1849 87 chiffon et tombe sur un crochet d’acier, recourbé

437 1875 1854 87 comme une faucille, dont la pointe terriblement

432 1969 1854 105 effilée brille dans la pénombre. Je reste figé à mater

435 2079 1846 96 l’instrument; je m’éternise comme ça, sur le plan¬

432 2182 1856 98 cher, à le reluquer en me demandant à quoi ca

430 2285 1856 103 peut servir, si longtemps que les deux bidons ont

430 2390 1014 93 cIu que je m’étais endormi.

505 2692 906 93 Clotaire arrête la bande.

512 2794 1774 106 – C’était un crochet de docker, dit-il, une arme

416 2904 1865 94 terifiante. Nous, on ne se doutait de rien. Après,

416 3012 1863 101 quand on a su, on a eu la chair de poule rétrospec¬

416 3122 353 84 fivement.

493 3215 1786 110 Il presse la touche lecture, et la voix de Philippe

409 3330 314 103 reprend.

2160 3723 121 91 135
