2977 4210
559 404 1753 91 Il avait surtout un visage merveilleux. Il était le

463 505 1842 105 plus souvent capable de déclencher la haine, mais

465 608 1440 100 il lui arrivait d’être capable de séduire.

557 708 1741 94 Ange ou démon, c’était un enfant fascinant, ensor¬

461 816 1841 89 celant; attendrissant quand il s’efforçait de jouer au

461 914 1839 91 dur, il devenait une bête fauve si on se laissait aller à

461 1024 1837 89 montrer son émotion. Jamais content, il ne cessait de

458 1125 1833 86 nourrir en lui une colère sans nom, une rage viscé¬

461 1227 1832 94 rale. Il avait au plus haut point le sens de son unicité,

463 1330 1830 99 au point d’être incapable de pouvoir se considérer

463 1438 1547 84 autrement que comme le centre du monde.

547 1534 1744 91 Luna se rappelle comment elle a trouvé la seule

456 1634 1832 96 chose qui le calmait. En cas de crise, il fallait le pren¬

456 1742 1839 115 dre par les cheveux et lui parler en le regardant

458 1845 1830 93 dans les yeux. Bizarrement, ça suffisait à l’apaiser.

641 1945 1647 103 — Allons, comment peux-tu en douter? C’est

458 2046 1826 112 toi qui es le diable!... Regarde-toi, Luna. Regarde¬

458 2154 595 88 toi si tu l’oses !

1390 2427 35 68 *

702 2624 1364 82 (EXTRAIT DES NOTES PERSONNELLES

894 2727 999 84 DE LUNA MURCIA-PHŒBUS

786 2827 1212 84 EN VUE D'UNE COMMUNICATION

491 3038 1783 86 À L'ASSOCIATION FRANÇAISE DE PSYCHANALYSE)

987 2925 836 92 SUR LE CAS TOPINEAU

1809 3218 496 100 23 mars 1996

491 3400 1800 101 ... “Tout le monde ne peut naître orphelin”,

491 3505 1818 103 pourrait-on dire en parodiant Jules Renard. Cette

2232 3681 85 100 45
