<?xml version="1.0" encoding="UTF-8"?>
<alto xmlns:xsi="http://www.w3.org/2001/XMLSchema-instance"
      xmlns="http://www.loc.gov/standards/alto/ns-v4#"
      xsi:schemaLocation="http://www.loc.gov/standards/alto/ns-v4# http://www.loc.gov/standards/alto/v4/alto-4-2.xsd">
  <Description>
    <MeasurementUnit>pixel</MeasurementUnit>
    <sourceImageInformation>
      <fileName>page_00147.png</fileName>
      
    </sourceImageInformation>
  </Description>
  
  <Tags>
    <OtherTag ID="BT10605" LABEL="MainZone" DESCRIPTION="block type MainZone"/><OtherTag ID="BT10606" LABEL="NumberingZone" DESCRIPTION="block type NumberingZone"/><OtherTag ID="BT10607" LABEL="RunningTitleZone" DESCRIPTION="block type RunningTitleZone"/><OtherTag ID="BT10608" LABEL="QuireMarksZone" DESCRIPTION="block type QuireMarksZone"/><OtherTag ID="BT10609" LABEL="CustomZone" DESCRIPTION="block type CustomZone"/>
    <OtherTag ID="LT4159" LABEL="DefaultLine" DESCRIPTION="line type DefaultLine"/><OtherTag ID="LT4160" LABEL="HeadingLine" DESCRIPTION="line type HeadingLine"/><OtherTag ID="LT4161" LABEL="default" DESCRIPTION="line type default"/>
  </Tags>
  
  <Layout>
    <Page WIDTH="2977"
          HEIGHT="4210"
          PHYSICAL_IMG_NR="144"
          ID="eSc_dummypage_">
      <PrintSpace HPOS="0"
                  VPOS="0"
                  WIDTH="2977"
                  HEIGHT="4210">
        
        <TextBlock HPOS="445.59942626953125"
                   VPOS="449.7963562011719"
                   WIDTH="1893.7247924804688"
                   HEIGHT="3269.533966064453"
                   ID="block_0"
                   TAGREFS="BT10605">
          <Shape><Polygon POINTS="445.599 449.796 2339.32 449.796 2339.32 3719.33 445.599 3719.33 445.599 449.796"/></Shape>
          
          
          <TextLine ID="eSc_line_b4c7fc71"
                    TAGREFS="LT4161"
                    BASELINE="468 558 2314 551" 
                    HPOS="465"
                    VPOS="479"
                    WIDTH="1849"
                    HEIGHT="108">
            <Shape><Polygon POINTS="468 558 468 575 1011 575 1015 575 1078 587 1081 587 1142 575 1156 573 1191 575 1331 584 1334 584 2312 570 2314 551 2312 498 2272 479 2270 479 2099 479 2097 479 2094 479 2092 479 2066 495 1965 486 1963 486 1645 498 1624 481 1621 481 1619 481 1617 481 1614 481 1554 495 1397 481 1394 481 1392 481 1348 498 1029 500 617 486 615 486 613 486 610 486 592 500 496 484 493 484 491 484 489 484 465 498 468 558"/></Shape>
	    <String CONTENT="des trois autres qui sempiffrent, son air accablé la"
                    HPOS="465"
                    VPOS="479"
                    WIDTH="1849"
                    HEIGHT="108"
                    WC="0.9885133144990453"></String>
          </TextLine>

          
          
          <TextLine ID="eSc_line_aa91548e"
                    TAGREFS="LT4161"
                    BASELINE="468 671 2314 671" 
                    HPOS="468"
                    VPOS="591"
                    WIDTH="1846"
                    HEIGHT="98">
            <Shape><Polygon POINTS="468 671 468 689 2314 689 2314 671 2314 610 2265 591 2263 591 2260 591 2258 591 2209 610 2155 591 2153 591 2150 591 2005 610 1956 591 1954 591 1951 591 1879 603 1839 591 1837 591 1834 591 1832 591 1778 610 1640 598 1638 598 1563 610 1507 591 1504 591 1502 591 1500 591 1497 591 1472 610 1399 598 1397 598 1341 610 1294 591 1291 591 1289 591 1287 591 1284 591 1252 612 1198 612 1151 591 1149 591 1146 591 1144 591 1142 591 1114 612 1069 612 1043 591 1041 591 1039 591 931 591 929 591 926 591 877 610 802 591 800 591 798 591 795 591 725 610 690 591 688 591 608 591 606 591 603 591 601 591 575 612 468 612 468 671"/></Shape>
	    <String CONTENT="rend fragile. Elle chuchote des trucs à l’oreille de"
                    HPOS="468"
                    VPOS="591"
                    WIDTH="1846"
                    HEIGHT="98"
                    WC="0.9821462530010151"></String>
          </TextLine>

          
          
          <TextLine ID="eSc_line_3fb5475c"
                    TAGREFS="LT4161"
                    BASELINE="470 788 2312 781" 
                    HPOS="468"
                    VPOS="706"
                    WIDTH="1844"
                    HEIGHT="98">
            <Shape><Polygon POINTS="470 788 470 804 2309 799 2312 781 2309 725 2251 706 2249 706 2246 706 2162 725 2146 725 1813 725 1811 722 1788 706 1785 706 1783 706 1781 706 1706 722 1692 725 1668 722 1596 713 1593 713 1591 713 1589 713 1577 722 1572 727 1479 727 1469 722 1446 708 1444 708 1441 708 1373 722 1352 725 1331 722 1263 708 1261 708 1259 708 1217 720 1200 727 924 727 894 720 858 711 856 711 854 711 851 711 816 720 798 725 791 720 779 711 777 711 774 711 720 711 718 711 716 711 713 711 704 720 692 727 622 720 538 711 535 711 468 718 470 788"/></Shape>
	    <String CONTENT="l’ours. Je lui souris dans la vitre. Je me sens très"
                    HPOS="468"
                    VPOS="706"
                    WIDTH="1844"
                    HEIGHT="98"
                    WC="0.9943752243833722"></String>
          </TextLine>

          
          
          <TextLine ID="eSc_line_131e3bdf"
                    TAGREFS="LT4161"
                    BASELINE="468 900 2317 895" 
                    HPOS="465"
                    VPOS="823"
                    WIDTH="1852"
                    HEIGHT="103">
            <Shape><Polygon POINTS="468 900 468 914 629 926 631 926 2314 912 2317 895 2314 839 2295 825 2293 825 2291 825 2288 825 2286 825 2239 842 1994 842 1607 842 1600 837 1551 823 1549 823 1493 823 1490 823 1488 823 1486 823 1469 837 1467 839 1455 837 1392 823 1390 823 1305 837 1266 842 1181 834 1076 827 1074 827 1022 834 971 842 741 842 727 832 718 825 716 825 713 825 667 825 664 825 662 825 659 825 652 832 638 842 465 832 468 900"/></Shape>
	    <String CONTENT="loin, dans un autre monde. La gamine m’a vu et"
                    HPOS="465"
                    VPOS="823"
                    WIDTH="1852"
                    HEIGHT="103"
                    WC="0.9817850926648015"></String>
          </TextLine>

          
          
          <TextLine ID="eSc_line_d48188fc"
                    TAGREFS="LT4161"
                    BASELINE="465 1008 2307 1012" 
                    HPOS="463"
                    VPOS="935"
                    WIDTH="1844"
                    HEIGHT="101">
            <Shape><Polygon POINTS="465 1008 463 1022 489 1036 491 1036 493 1036 2305 1026 2307 1012 2307 954 2274 937 2272 937 2270 937 2188 954 1979 954 1605 954 1603 951 1579 937 1577 937 1575 937 1481 937 1479 937 1476 937 1474 937 1455 951 1453 951 954 951 952 949 936 935 933 935 931 935 851 935 849 935 847 935 844 935 828 949 826 951 732 951 730 949 697 935 695 935 692 935 631 949 627 949 620 949 561 935 559 935 465 947 465 1008"/></Shape>
	    <String CONTENT="elle répond à mon sourire. Nous sommes passés"
                    HPOS="463"
                    VPOS="935"
                    WIDTH="1844"
                    HEIGHT="101"
                    WC="0.9894526576002439"></String>
          </TextLine>

          
          
          <TextLine ID="eSc_line_0d138d3f"
                    TAGREFS="LT4161"
                    BASELINE="465 1122 2309 1122" 
                    HPOS="465"
                    VPOS="1047"
                    WIDTH="1844"
                    HEIGHT="94">
            <Shape><Polygon POINTS="465 1122 465 1141 2309 1141 2309 1122 2309 1066 2064 1066 2045 1052 2043 1052 2040 1052 2038 1052 2036 1052 2001 1064 1884 1047 1881 1047 1879 1047 1877 1047 1855 1066 1596 1066 1558 1047 1556 1047 1554 1047 1551 1047 1507 1059 1493 1047 1490 1047 1488 1047 1378 1047 1376 1047 1373 1047 1331 1064 1214 1052 1212 1052 1153 1064 1118 1047 1116 1047 1114 1047 1029 1061 971 1047 968 1047 966 1047 964 1047 961 1047 938 1066 830 1066 772 1047 769 1047 767 1047 765 1047 762 1047 739 1066 692 1066 631 1047 629 1047 627 1047 624 1047 622 1047 603 1061 491 1052 489 1052 486 1052 465 1061 465 1122"/></Shape>
	    <String CONTENT="tous les deux de l’autre côté du miroir. Tout en me"
                    HPOS="465"
                    VPOS="1047"
                    WIDTH="1844"
                    HEIGHT="94"
                    WC="0.9899253429106947"></String>
          </TextLine>

          
          
          <TextLine ID="eSc_line_9180dc7d"
                    TAGREFS="LT4161"
                    BASELINE="465 1234 2309 1234" 
                    HPOS="465"
                    VPOS="1164"
                    WIDTH="1844"
                    HEIGHT="101">
            <Shape><Polygon POINTS="465 1234 465 1251 524 1265 526 1265 2309 1251 2309 1234 2309 1181 2148 1178 2129 1164 2127 1164 2125 1164 2122 1164 1970 1178 1947 1164 1944 1164 1942 1164 1940 1164 1869 1178 1797 1164 1795 1164 1792 1164 1790 1164 1776 1178 1626 1178 1549 1164 1547 1164 1359 1178 1256 1164 1254 1164 1252 1164 1249 1164 1226 1181 968 1181 870 1164 868 1164 865 1164 809 1178 791 1164 788 1164 786 1164 784 1164 720 1176 655 1164 652 1164 465 1178 465 1234"/></Shape>
	    <String CONTENT="egardant, elle se penche vers le panda et continue"
                    HPOS="465"
                    VPOS="1164"
                    WIDTH="1844"
                    HEIGHT="101"
                    WC="0.9734244418144226"></String>
          </TextLine>

          
          
          <TextLine ID="eSc_line_87574d3b"
                    TAGREFS="LT4161"
                    BASELINE="463 1347 2307 1342" 
                    HPOS="461"
                    VPOS="1270"
                    WIDTH="1846"
                    HEIGHT="109">
            <Shape><Polygon POINTS="463 1347 463 1365 702 1379 704 1379 706 1379 734 1365 1088 1365 1235 1379 1238 1379 1240 1379 1275 1363 1855 1363 1874 1377 1877 1377 1879 1377 1881 1379 1942 1379 1942 1377 1944 1377 1991 1363 2181 1377 2183 1377 2288 1375 2291 1375 2293 1375 2307 1361 2307 1342 2300 1286 2113 1286 2106 1286 2033 1270 2031 1270 2029 1270 2026 1270 2003 1286 2001 1288 1752 1288 1750 1286 1694 1270 1692 1270 1689 1270 1687 1270 1685 1270 1666 1286 1514 1286 1451 1270 1448 1270 1446 1270 1444 1270 1376 1288 1369 1291 1130 1291 1128 1288 1074 1272 1071 1272 1069 1272 952 1286 903 1272 901 1272 898 1272 896 1272 894 1272 875 1286 772 1272 769 1272 655 1288 601 1272 599 1272 491 1272 489 1272 486 1272 484 1272 461 1284 463 1347"/></Shape>
	    <String CONTENT="de lui parler tout bas, je me demande ce qu’elle peut"
                    HPOS="461"
                    VPOS="1270"
                    WIDTH="1846"
                    HEIGHT="109"
                    WC="0.9793944943625972"></String>
          </TextLine>

          
          
          <TextLine ID="eSc_line_39fcc9a2"
                    TAGREFS="LT4161"
                    BASELINE="468 1457 1074 1452" 
                    HPOS="465"
                    VPOS="1384"
                    WIDTH="609"
                    HEIGHT="89">
            <Shape><Polygon POINTS="468 1457 468 1473 1074 1468 1074 1452 1069 1400 978 1398 966 1386 966 1384 964 1384 961 1384 959 1384 957 1384 954 1384 938 1398 917 1398 744 1400 681 1400 676 1396 667 1386 667 1384 664 1384 662 1384 659 1384 657 1384 624 1393 610 1398 465 1393 468 1457"/></Shape>
	    <String CONTENT="bien lui raconter."
                    HPOS="465"
                    VPOS="1384"
                    WIDTH="609"
                    HEIGHT="89"
                    WC="0.9606232245763143"></String>
          </TextLine>

          
          
          <TextLine ID="eSc_line_433efdc0"
                    TAGREFS="LT4161"
                    BASELINE="542 1562 2295 1567" 
                    HPOS="540"
                    VPOS="1487"
                    WIDTH="1755"
                    HEIGHT="103">
            <Shape><Polygon POINTS="542 1562 540 1576 564 1588 566 1588 568 1588 1376 1578 1418 1590 1420 1590 1422 1590 2293 1578 2295 1567 2295 1510 2223 1489 2221 1489 2188 1489 2185 1489 2183 1489 2181 1489 2157 1508 2157 1510 2155 1508 2118 1492 2115 1492 2113 1492 2111 1492 2054 1506 2024 1489 2022 1489 1944 1489 1942 1489 1940 1489 1898 1508 1891 1510 1830 1508 1509 1489 1507 1489 1504 1489 1474 1506 1465 1510 1458 1506 1420 1487 1418 1487 1415 1487 1413 1487 1376 1506 1371 1508 1366 1506 1329 1492 1327 1492 1324 1492 1322 1492 1319 1492 1301 1506 1174 1506 1132 1487 1130 1487 1128 1487 1018 1503 989 1510 814 1510 805 1503 779 1487 777 1487 774 1487 772 1487 769 1487 720 1503 704 1510 636 1510 627 1503 603 1487 601 1487 599 1487 596 1487 594 1487 542 1501 542 1562"/></Shape>
	    <String CONTENT="Ses vieux continuent de bâfrer en vidant des"
                    HPOS="540"
                    VPOS="1487"
                    WIDTH="1755"
                    HEIGHT="103"
                    WC="0.9955119808514913"></String>
          </TextLine>

          
          
          <TextLine ID="eSc_line_46737f66"
                    TAGREFS="LT4161"
                    BASELINE="463 1674 2295 1674" 
                    HPOS="463"
                    VPOS="1602"
                    WIDTH="1832"
                    HEIGHT="96">
            <Shape><Polygon POINTS="463 1674 463 1691 2293 1698 2295 1674 2295 1620 2171 1620 2139 1604 2136 1604 2134 1604 2132 1604 2075 1618 1998 1604 1996 1604 1919 1618 1858 1602 1855 1602 1853 1602 1851 1602 1783 1620 1151 1620 1118 1602 1116 1602 1114 1602 1008 1618 828 1602 826 1602 823 1602 821 1602 802 1616 746 1602 744 1602 741 1602 739 1602 737 1602 713 1620 634 1620 505 1602 503 1602 500 1602 463 1618 463 1674"/></Shape>
	    <String CONTENT="chopes de bière. Personne ne nous prête attention,"
                    HPOS="463"
                    VPOS="1602"
                    WIDTH="1832"
                    HEIGHT="96"
                    WC="0.9752206928454913"></String>
          </TextLine>

          
          
          <TextLine ID="eSc_line_ecdf65d6"
                    TAGREFS="LT4161"
                    BASELINE="472 1784 2293 1777" 
                    HPOS="470"
                    VPOS="1705"
                    WIDTH="1823"
                    HEIGHT="109">
            <Shape><Polygon POINTS="472 1784 475 1814 517 1803 746 1812 762 1812 765 1812 2291 1796 2293 1777 2288 1723 2209 1723 2209 1721 2188 1705 2185 1705 2183 1705 2181 1705 2178 1705 2120 1721 2082 1705 2080 1705 1977 1705 1975 1705 1972 1705 1970 1705 1951 1721 1949 1721 1940 1721 1823 1705 1820 1705 1818 1705 1788 1719 1783 1723 1678 1723 1668 1719 1631 1707 1628 1707 1626 1707 1624 1707 1598 1719 1586 1726 1123 1726 1109 1716 1095 1707 1092 1707 1090 1707 1088 1707 1085 1707 1062 1716 1034 1726 470 1714 472 1784"/></Shape>
	    <String CONTENT="j’ai l’impression de naviguer en plein rêve. Elle lève"
                    HPOS="470"
                    VPOS="1705"
                    WIDTH="1823"
                    HEIGHT="109"
                    WC="0.9833077383892876"></String>
          </TextLine>

          
          
          <TextLine ID="eSc_line_9a0b8f9c"
                    TAGREFS="LT4161"
                    BASELINE="465 1889 2293 1885" 
                    HPOS="463"
                    VPOS="1817"
                    WIDTH="1830"
                    HEIGHT="98">
            <Shape><Polygon POINTS="465 1889 465 1903 1359 1915 1362 1915 2291 1901 2293 1885 2288 1836 2001 1836 1996 1833 1968 1817 1965 1817 1963 1817 1961 1817 1916 1831 1909 1836 1647 1836 1635 1831 1593 1817 1591 1817 1589 1817 1528 1829 1509 1833 1502 1829 1488 1819 1486 1819 1483 1819 1481 1819 1479 1819 1476 1819 1465 1829 1462 1829 1383 1817 1380 1817 1378 1817 1334 1829 1301 1838 1092 1838 1078 1826 1069 1819 1067 1819 1064 1819 1062 1819 952 1826 798 1836 769 1824 755 1819 753 1819 751 1819 748 1819 734 1824 704 1836 652 1824 627 1819 566 1819 564 1819 561 1819 559 1819 554 1824 538 1836 517 1824 510 1819 507 1819 505 1819 463 1821 465 1889"/></Shape>
	    <String CONTENT="la tête et sourit à mon reflet. Le genre de sourire"
                    HPOS="463"
                    VPOS="1817"
                    WIDTH="1830"
                    HEIGHT="98"
                    WC="0.9887659965821032"></String>
          </TextLine>

          
          
          <TextLine ID="eSc_line_4cb4b210"
                    TAGREFS="LT4161"
                    BASELINE="463 1995 2291 1990" 
                    HPOS="461"
                    VPOS="1922"
                    WIDTH="1830"
                    HEIGHT="105">
            <Shape><Polygon POINTS="463 1995 463 2013 479 2027 482 2027 484 2027 486 2027 489 2027 557 2011 1312 2011 1329 2011 1352 2027 1355 2027 1357 2027 1359 2027 1462 2011 1479 2009 1596 2011 1659 2011 1685 2025 1687 2025 1689 2025 1804 2011 1827 2009 1846 2011 1919 2025 1921 2025 2288 2011 2291 1990 2286 1938 2192 1922 2190 1922 2188 1922 2136 1936 2043 1922 2040 1922 2038 1922 2008 1938 1895 1938 1851 1922 1848 1922 1846 1922 1844 1922 1841 1922 1823 1938 1664 1938 1525 1922 1523 1922 1521 1922 1490 1938 1233 1938 1184 1927 1181 1927 1179 1927 1177 1927 1132 1938 1081 1924 1078 1924 1076 1924 1074 1924 1036 1936 992 1924 989 1924 987 1924 985 1924 982 1924 964 1941 835 1941 737 1924 734 1924 732 1924 683 1941 461 1941 463 1995"/></Shape>
	    <String CONTENT="qu’on adresse du bateau qui s’éloigne à quelqu’un"
                    HPOS="461"
                    VPOS="1922"
                    WIDTH="1830"
                    HEIGHT="105"
                    WC="0.9927017197889441"></String>
          </TextLine>

          
          
          <TextLine ID="eSc_line_f728a3d6"
                    TAGREFS="LT4161"
                    BASELINE="463 2095 2288 2100" 
                    HPOS="461"
                    VPOS="2027"
                    WIDTH="1827"
                    HEIGHT="99">
            <Shape><Polygon POINTS="463 2095 461 2112 837 2126 840 2126 2286 2116 2288 2100 2288 2046 2251 2030 2249 2030 2246 2030 1926 2044 1919 2046 1827 2046 1827 2044 1797 2030 1795 2030 1792 2030 1738 2041 1682 2030 1680 2030 1678 2030 1675 2030 1659 2044 1657 2044 1102 2044 1102 2041 1081 2027 1078 2027 1076 2027 1074 2027 1008 2041 1006 2044 814 2044 812 2041 788 2027 786 2027 784 2027 781 2027 716 2041 709 2044 645 2044 643 2041 627 2027 624 2027 622 2027 620 2027 463 2039 463 2095"/></Shape>
	    <String CONTENT="esté sur le quai. Je ne peux cesser de la regarder. En"
                    HPOS="461"
                    VPOS="2027"
                    WIDTH="1827"
                    HEIGHT="99"
                    WC="0.9862945556640625"></String>
          </TextLine>

          
          
          <TextLine ID="eSc_line_d369df02"
                    TAGREFS="LT4161"
                    BASELINE="463 2203 2288 2198" 
                    HPOS="461"
                    VPOS="2133"
                    WIDTH="1827"
                    HEIGHT="100">
            <Shape><Polygon POINTS="463 2203 463 2219 1348 2233 1350 2233 1462 2221 1848 2231 1851 2231 2288 2217 2288 2198 2281 2147 2068 2147 2061 2147 2010 2133 2008 2133 2005 2133 2003 2133 1963 2147 1958 2147 1956 2147 1907 2133 1905 2133 1902 2133 1900 2133 1898 2133 1879 2147 1877 2149 1736 2149 1731 2147 1666 2133 1664 2133 1661 2133 1659 2133 1640 2147 1633 2147 1406 2135 1404 2135 1270 2149 1254 2149 1247 2149 1195 2135 1193 2135 1191 2135 1188 2135 1186 2135 1170 2149 1167 2151 1001 2151 999 2149 957 2135 954 2135 952 2135 950 2135 947 2135 931 2149 929 2151 819 2151 814 2149 720 2135 718 2135 716 2135 669 2149 667 2149 540 2135 538 2135 461 2149 463 2203"/></Shape>
	    <String CONTENT="retour, elle agite une des patounes du panda dans ma"
                    HPOS="461"
                    VPOS="2133"
                    WIDTH="1827"
                    HEIGHT="100"
                    WC="0.9893943896660438"></String>
          </TextLine>

          
          
          <TextLine ID="eSc_line_6c28c554"
                    TAGREFS="LT4161"
                    BASELINE="463 2301 2286 2306" 
                    HPOS="461"
                    VPOS="2235"
                    WIDTH="1825"
                    HEIGHT="87">
            <Shape><Polygon POINTS="463 2301 461 2317 2281 2322 2286 2306 2284 2254 2188 2238 2185 2238 2115 2252 2113 2254 1905 2254 1902 2252 1874 2238 1872 2238 1869 2238 1755 2252 1748 2252 1743 2252 1701 2240 1699 2240 1696 2240 1694 2240 1692 2240 1675 2252 1673 2252 1357 2252 1345 2252 1329 2238 1327 2238 1324 2238 1322 2238 1238 2250 1219 2235 1217 2235 1214 2235 1212 2235 1209 2235 1163 2250 1135 2235 1132 2235 1130 2235 1050 2250 1048 2250 1046 2250 1006 2235 1004 2235 1001 2235 940 2250 936 2250 933 2250 847 2235 844 2235 842 2235 786 2250 781 2252 664 2252 662 2250 648 2238 645 2238 643 2238 641 2238 638 2238 596 2250 592 2250 587 2250 542 2235 540 2235 538 2235 463 2247 463 2301"/></Shape>
	    <String CONTENT="direction. Je salue le bestiau en agitant la main. Les"
                    HPOS="461"
                    VPOS="2235"
                    WIDTH="1825"
                    HEIGHT="87"
                    WC="0.9975887989556348"></String>
          </TextLine>

          
          
          <TextLine ID="eSc_line_0d7f3b00"
                    TAGREFS="LT4161"
                    BASELINE="465 2409 2284 2402" 
                    HPOS="463"
                    VPOS="2341"
                    WIDTH="1821"
                    HEIGHT="96">
            <Shape><Polygon POINTS="465 2409 465 2437 575 2425 863 2434 917 2434 919 2434 950 2432 1078 2423 1413 2427 1673 2432 1675 2432 1717 2425 1748 2420 2281 2420 2284 2402 2279 2355 2061 2341 2059 2341 2057 2341 2054 2341 2038 2355 1846 2355 1781 2341 1778 2341 1776 2341 1748 2352 1722 2341 1720 2341 1717 2341 1715 2341 1664 2357 1343 2357 1315 2343 1312 2343 1310 2343 1308 2343 1266 2355 1050 2345 1048 2345 716 2357 655 2345 652 2345 482 2348 479 2348 477 2348 463 2355 465 2409"/></Shape>
	    <String CONTENT="parents ne voient rien et ne cessent de s’en foutre"
                    HPOS="463"
                    VPOS="2341"
                    WIDTH="1821"
                    HEIGHT="96"
                    WC="0.9873239795366923"></String>
          </TextLine>

          
          
          <TextLine ID="eSc_line_d5346358"
                    TAGREFS="LT4161"
                    BASELINE="465 2511 2284 2504" 
                    HPOS="463"
                    VPOS="2434"
                    WIDTH="1821"
                    HEIGHT="108">
            <Shape><Polygon POINTS="465 2511 465 2542 566 2528 989 2528 1011 2537 1015 2540 1018 2540 1020 2540 1074 2537 1294 2526 1366 2535 1390 2537 1392 2537 1420 2535 1493 2526 2279 2526 2284 2504 2277 2441 2052 2451 2033 2444 2015 2434 2012 2434 2010 2434 2008 2434 2005 2434 1996 2444 1984 2453 1891 2453 1877 2444 1855 2434 1853 2434 1769 2434 1767 2434 1764 2434 1720 2446 1703 2451 1699 2446 1682 2434 1680 2434 1678 2434 1675 2434 1673 2434 1642 2446 1628 2455 1029 2455 1015 2453 929 2439 926 2439 924 2439 882 2455 879 2455 877 2455 826 2439 823 2439 821 2439 819 2439 786 2455 762 2439 760 2439 758 2439 755 2439 571 2453 510 2439 507 2439 505 2439 503 2439 463 2455 465 2511"/></Shape>
	    <String CONTENT="plein le bide. J’aperçois en revanche Blanc-bec qui"
                    HPOS="463"
                    VPOS="2434"
                    WIDTH="1821"
                    HEIGHT="108"
                    WC="0.9848552403541712"></String>
          </TextLine>

          
          
          <TextLine ID="eSc_line_ac24c951"
                    TAGREFS="LT4161"
                    BASELINE="465 2607 2281 2607" 
                    HPOS="465"
                    VPOS="2558"
                    WIDTH="1816"
                    HEIGHT="68">
            <Shape><Polygon POINTS="465 2607 465 2626 2279 2626 2281 2607 2279 2558 465 2558 465 2607"/></Shape>
	    <String CONTENT="Se penche vers son pote en se marant comme un"
                    HPOS="465"
                    VPOS="2558"
                    WIDTH="1816"
                    HEIGHT="68"
                    WC="0.9988931006855435"></String>
          </TextLine>

          
          
          <TextLine ID="eSc_line_d5dfbafa"
                    TAGREFS="LT4161"
                    BASELINE="463 2708 2277 2703" 
                    HPOS="461"
                    VPOS="2638"
                    WIDTH="1816"
                    HEIGHT="100">
            <Shape><Polygon POINTS="463 2708 463 2727 915 2738 917 2738 919 2738 961 2727 966 2727 2274 2727 2277 2703 2267 2638 2218 2649 2204 2638 2202 2638 2199 2638 2082 2638 2080 2638 2078 2638 2075 2638 2050 2654 1926 2654 1893 2638 1891 2638 1888 2638 1886 2638 1884 2638 1879 2638 1825 2652 461 2645 463 2708"/></Shape>
	    <String CONTENT="bossu. Je ne peux l’entendre mais j’imagine qu’il lui"
                    HPOS="461"
                    VPOS="2638"
                    WIDTH="1816"
                    HEIGHT="100"
                    WC="0.9897658003951019"></String>
          </TextLine>

          
          
          <TextLine ID="eSc_line_ad6b7e5e"
                    TAGREFS="LT4161"
                    BASELINE="461 2806 2281 2801" 
                    HPOS="458"
                    VPOS="2738"
                    WIDTH="1823"
                    HEIGHT="101">
            <Shape><Polygon POINTS="461 2806 461 2825 769 2839 772 2839 774 2839 777 2839 795 2825 856 2825 1081 2825 1095 2825 1238 2839 1240 2839 1345 2827 1404 2837 1406 2837 1408 2837 1411 2837 1425 2825 1429 2823 1481 2825 1694 2837 1696 2837 1776 2825 1792 2823 1799 2825 1834 2837 1837 2837 1839 2837 1841 2837 1872 2825 1879 2823 1919 2825 2118 2837 2120 2837 2279 2823 2281 2801 2277 2755 1893 2738 1891 2738 1888 2738 1886 2738 1867 2755 1172 2755 1104 2741 1102 2741 1099 2741 1097 2741 1078 2757 945 2757 896 2741 894 2741 891 2741 889 2741 840 2755 685 2741 683 2741 571 2755 552 2741 549 2741 547 2741 486 2741 484 2741 482 2741 479 2741 458 2752 461 2806"/></Shape>
	    <String CONTENT="dit quelque chose du genre, vise un peu, Cloclo, y a"
                    HPOS="458"
                    VPOS="2738"
                    WIDTH="1823"
                    HEIGHT="101"
                    WC="0.9815633801313547"></String>
          </TextLine>

          
          
          <TextLine ID="eSc_line_f7d2fea4"
                    TAGREFS="LT4161"
                    BASELINE="461 2907 2277 2902" 
                    HPOS="458"
                    VPOS="2837"
                    WIDTH="1819"
                    HEIGHT="98">
            <Shape><Polygon POINTS="461 2907 461 2923 1081 2935 1083 2935 1158 2923 1160 2923 1179 2923 1668 2932 1671 2932 1673 2932 1675 2932 1687 2921 1689 2921 1987 2921 1996 2921 2153 2932 2155 2932 2157 2932 2160 2932 2174 2921 2274 2921 2277 2902 2272 2853 2157 2853 2157 2851 2139 2837 2136 2837 2134 2837 2008 2837 2005 2837 2003 2837 2001 2837 1984 2848 1944 2837 1942 2837 1940 2837 1937 2837 1905 2851 458 2848 461 2907"/></Shape>
	    <String CONTENT="Philippe qui drague un nounours, un vrai fêlé, ce"
                    HPOS="458"
                    VPOS="2837"
                    WIDTH="1819"
                    HEIGHT="98"
                    WC="0.9946296577360115"></String>
          </TextLine>

          
          
          <TextLine ID="eSc_line_8934b490"
                    TAGREFS="LT4161"
                    BASELINE="461 3000 2274 2998" 
                    HPOS="458"
                    VPOS="2935"
                    WIDTH="1816"
                    HEIGHT="93">
            <Shape><Polygon POINTS="461 3000 461 3017 2249 3028 2251 3028 2253 3028 2256 3028 2274 3017 2274 2998 2272 2954 2228 2935 2225 2935 2223 2935 2111 2954 1844 2954 1811 2935 1809 2935 1806 2935 1710 2951 1521 2951 1502 2937 1500 2937 1497 2937 1495 2937 1315 2951 1282 2935 1280 2935 1179 2935 1177 2935 1174 2935 1116 2949 1057 2935 1055 2935 1053 2935 1050 2935 992 2951 793 2935 791 2935 788 2935 786 2935 765 2954 678 2954 542 2935 540 2935 458 2954 461 3000"/></Shape>
	    <String CONTENT="môme... Ouais, des fois, vaut mieux la compagnie"
                    HPOS="458"
                    VPOS="2935"
                    WIDTH="1816"
                    HEIGHT="93"
                    WC="0.989748085031704"></String>
          </TextLine>

          
          
          <TextLine ID="eSc_line_465e4a31"
                    TAGREFS="LT4161"
                    BASELINE="463 3099 2045 3099" 
                    HPOS="463"
                    VPOS="3033"
                    WIDTH="1582"
                    HEIGHT="84">
            <Shape><Polygon POINTS="463 3099 463 3117 2045 3117 2045 3099 2045 3049 1717 3035 1715 3035 1598 3047 1537 3033 1535 3033 1532 3033 1530 3033 1528 3033 1511 3049 1422 3049 1376 3033 1373 3033 1371 3033 1369 3033 1338 3047 1270 3033 1268 3033 1181 3047 1121 3033 1118 3033 1116 3033 1114 3033 1111 3033 1095 3049 894 3049 851 3033 849 3033 847 3033 844 3033 791 3047 748 3033 746 3033 744 3033 741 3033 739 3033 713 3049 615 3049 491 3033 489 3033 486 3033 484 3033 463 3045 463 3099"/></Shape>
	    <String CONTENT="d’une peluche que des cloches de votre genre."
                    HPOS="463"
                    VPOS="3033"
                    WIDTH="1582"
                    HEIGHT="84"
                    WC="0.9959715829955207"></String>
          </TextLine>

          
          
          <TextLine ID="eSc_line_bad88468"
                    TAGREFS="LT4161"
                    BASELINE="538 3197 2272 3192" 
                    HPOS="535"
                    VPOS="3127"
                    WIDTH="1737"
                    HEIGHT="84">
            <Shape><Polygon POINTS="538 3197 538 3211 2270 3206 2272 3192 2270 3145 2225 3127 2223 3127 2221 3127 2218 3127 2171 3145 2071 3145 2015 3127 2012 3127 2010 3127 2008 3127 2005 3127 1984 3145 1696 3145 1572 3127 1570 3127 1568 3127 1530 3145 1462 3145 1406 3127 1404 3127 1401 3127 1399 3127 1397 3127 1366 3145 1364 3148 1254 3148 1254 3145 1209 3129 1207 3129 1123 3129 1121 3129 1118 3129 1116 3129 1116 3131 1097 3145 938 3134 936 3134 933 3134 884 3145 865 3129 863 3129 861 3129 858 3129 856 3129 807 3148 629 3148 603 3129 601 3129 599 3129 552 3129 549 3129 547 3129 545 3129 545 3131 535 3138 538 3197"/></Shape>
	    <String CONTENT="Je suis à cran. Finies les rêvasseries dans le"
                    HPOS="535"
                    VPOS="3127"
                    WIDTH="1737"
                    HEIGHT="84"
                    WC="0.99194660410285"></String>
          </TextLine>

          
          
          <TextLine ID="eSc_line_6122e32c"
                    TAGREFS="LT4161"
                    BASELINE="463 3293 2267 3293" 
                    HPOS="463"
                    VPOS="3222"
                    WIDTH="1804"
                    HEIGHT="92">
            <Shape><Polygon POINTS="463 3293 463 3309 2265 3314 2267 3293 2267 3241 1987 3241 1949 3222 1947 3222 1944 3222 1867 3239 1785 3222 1783 3222 1781 3222 1738 3239 1696 3222 1694 3222 1692 3222 1689 3222 1631 3237 1577 3222 1575 3222 1572 3222 1570 3222 1530 3239 1495 3222 1493 3222 1404 3222 1401 3222 1399 3222 1369 3239 1287 3222 1284 3222 1282 3222 1280 3222 1254 3239 1156 3239 1123 3222 1121 3222 1118 3222 1116 3222 1067 3237 1018 3222 1015 3222 1013 3222 1011 3222 1008 3222 992 3237 793 3239 741 3222 739 3222 737 3222 734 3222 732 3222 709 3241 622 3241 538 3222 535 3222 463 3239 463 3293"/></Shape>
	    <String CONTENT="miroir; je regarde la petite fille droit dans les yeux;"
                    HPOS="463"
                    VPOS="3222"
                    WIDTH="1804"
                    HEIGHT="92"
                    WC="0.9909027663144199"></String>
          </TextLine>

          
          
          <TextLine ID="eSc_line_6febaa99"
                    TAGREFS="LT4161"
                    BASELINE="465 3389 2272 3384" 
                    HPOS="463"
                    VPOS="3318"
                    WIDTH="1809"
                    HEIGHT="99">
            <Shape><Polygon POINTS="465 3389 465 3417 713 3403 809 3414 812 3414 814 3414 2270 3403 2272 3384 2265 3332 2026 3332 2022 3330 1994 3318 1991 3318 1989 3318 1987 3318 1951 3330 1942 3332 1909 3330 1799 3321 1797 3321 1738 3330 1731 3330 1729 3330 1706 3318 1703 3318 1701 3318 1699 3318 1654 3330 1642 3332 1638 3330 1624 3321 1621 3321 1619 3321 1617 3321 1568 3330 1551 3332 1547 3330 1532 3318 1530 3318 1528 3318 1525 3318 1444 3330 1413 3332 1371 3330 1303 3323 1301 3323 1298 3323 1296 3323 1291 3328 1282 3335 1245 3328 1195 3321 1193 3321 1191 3321 1165 3328 1142 3335 1025 3328 898 3321 896 3321 858 3328 819 3335 463 3328 465 3389"/></Shape>
	    <String CONTENT="je pense: plantons-les tous là et foutons le camp"
                    HPOS="463"
                    VPOS="3318"
                    WIDTH="1809"
                    HEIGHT="99"
                    WC="0.993903626203537"></String>
          </TextLine>

          
          
          <TextLine ID="eSc_line_3e5292f0"
                    TAGREFS="LT4161"
                    BASELINE="461 3477 2265 3477" 
                    HPOS="461"
                    VPOS="3414"
                    WIDTH="1804"
                    HEIGHT="82">
            <Shape><Polygon POINTS="461 3477 461 3496 2265 3496 2265 3477 2265 3433 2045 3433 1979 3414 1977 3414 1975 3414 1972 3414 1970 3414 1949 3431 1888 3414 1886 3414 1884 3414 1881 3414 1848 3431 1621 3431 1563 3414 1561 3414 1558 3414 1556 3414 1518 3431 1397 3431 1305 3414 1303 3414 1301 3414 1266 3433 1102 3433 865 3414 863 3414 861 3414 800 3431 765 3414 762 3414 688 3414 685 3414 683 3414 657 3428 461 3431 461 3477"/></Shape>
	    <String CONTENT="ensemble. Comme si elle avait compris le mes-"
                    HPOS="461"
                    VPOS="3414"
                    WIDTH="1804"
                    HEIGHT="82"
                    WC="0.9928825007544624"></String>
          </TextLine>

          
          
          <TextLine ID="eSc_line_4c662e6c"
                    TAGREFS="LT4161"
                    BASELINE="465 3569 2272 3573" 
                    HPOS="463"
                    VPOS="3505"
                    WIDTH="1809"
                    HEIGHT="94">
            <Shape><Polygon POINTS="465 3569 463 3587 482 3599 484 3599 486 3599 489 3599 2270 3590 2272 3573 2272 3524 2251 3508 2249 3508 2246 3508 2244 3508 2059 3520 1996 3508 1994 3508 1991 3508 1989 3508 1970 3524 1916 3508 1914 3508 1912 3508 1909 3508 1860 3524 1767 3508 1764 3508 1762 3508 1701 3524 1645 3508 1642 3508 1640 3508 1638 3508 1593 3524 1549 3508 1547 3508 1460 3508 1458 3508 1455 3508 1453 3508 1434 3524 1432 3524 975 3524 975 3522 933 3505 931 3505 929 3505 835 3522 830 3524 723 3524 720 3522 688 3505 685 3505 683 3505 681 3505 641 3522 638 3522 465 3522 465 3569"/></Shape>
	    <String CONTENT="sage, la gamine secoue soudain la tête de droite à"
                    HPOS="463"
                    VPOS="3505"
                    WIDTH="1809"
                    HEIGHT="94"
                    WC="0.9916047270481403"></String>
          </TextLine>

          
          
          <TextLine ID="eSc_line_346b29d8"
                    TAGREFS="LT4161"
                    BASELINE="465 3667 2263 3662" 
                    HPOS="463"
                    VPOS="3597"
                    WIDTH="1800"
                    HEIGHT="107">
            <Shape><Polygon POINTS="465 3667 465 3704 739 3686 2260 3686 2263 3662 2256 3613 2169 3613 2164 3613 2118 3597 2115 3597 2113 3597 2111 3597 2108 3597 2087 3613 2085 3615 2031 3615 2026 3613 1979 3597 1977 3597 1975 3597 1900 3613 1895 3613 1893 3613 1858 3597 1855 3597 1853 3597 1851 3597 1848 3597 1830 3613 1785 3597 1783 3597 1781 3597 1778 3597 1729 3613 1727 3613 1675 3597 1673 3597 1671 3597 1551 3613 1549 3613 1547 3613 1467 3597 1465 3597 1462 3597 1401 3613 1357 3597 1355 3597 1352 3597 1350 3597 1348 3597 1322 3615 1317 3618 1217 3618 1212 3615 1181 3599 1179 3599 1177 3599 1174 3599 1139 3611 1097 3599 1095 3599 1092 3599 1090 3599 1088 3599 1062 3615 1050 3615 891 3599 889 3599 887 3599 856 3613 791 3599 788 3599 709 3615 706 3615 624 3599 622 3599 620 3599 589 3615 463 3615 465 3667"/></Shape>
	    <String CONTENT="gauche. plusieurs fois. puis elle enfouit la tête dans"
                    HPOS="463"
                    VPOS="3597"
                    WIDTH="1800"
                    HEIGHT="107"
                    WC="0.9742910135876048"></String>
          </TextLine>

          
        </TextBlock>
        

        
      </PrintSpace>
    </Page>
  </Layout>
</alto>
