2977 4210
758 460 1928 103 de neige à poil. Quant à elle, elle n’a même pas

758 563 1924 103 pris la peine de se déshabiller. Le voile de travers

755 668 1929 89 et la figure en feu, elle s’active au-dessus de lui

758 776 702 84 commé une folle.

847 872 1832 100 Je retire un brin de paille de ma bouche et me

755 979 1920 101 soulève davantage. Je me sens tout bizarre, autre

753 1082 1917 89 chose que simplement dégoûté. J’envoie la main

758 1183 1910 96 vers mon entrejambe, je tâtonne. Il est là, tout froid,

748 1284 1920 91 enveloppé dans le chiffon taché de cambouis. Je le

751 1393 1912 96 démaillote pour le rassurer et le caresse jusqu’à ce

748 1496 1913 87 qu’il ait bien chaud contre ma cuisse. Je me marre

748 1602 1908 96 en pensant au bon tour que je leur ai joué à ces

751 1698 1907 102 salauds. L’outil m’a permis de flinguer joliment

748 1805 1899 94 leur roue de secours. Si on crève en rase campagne,

748 1903 1899 94 t'imagines le tableau, ma Lune d’amour!... Tu les

751 2011 1900 94 vois brailler comme des malades en se cherchant

744 2112 1903 95 des poux dans la tête. A tout coup, ils se foutront

746 2214 1896 96 sur la gueule avant de décider d’agir. Et ce n’est

746 2322 1643 103 pas moi qui ferais quelque chose pour eux!

828 2420 1573 91 Evidemment, il faut d’abord qu’on crève.

828 2526 1797 98 Je suis sur le point de me rendormir quand j’en¬

741 2633 1884 91 tends un dernier halètement, un ultime soupir et,

737 2734 1884 86 avec un bruit de foin froissé, je vois la robe imma¬

732 2832 1891 91 culée s’affaisser à côté d’un morceau de boudin

741 2939 274 101 gluant.

816 3040 1795 91 Cinq minutes plus tard, ils recommencent leur

730 3143 1881 98 cirque. Je finis par m’endormir. Je rêve d’une horde

730 3246 1877 100 de gosses blafards et faméliques. Ils sont tout nus, le

727 3356 1875 96 corps enduit d’une graisse visqueuse et portent sur

727 3454 1870 89 la tête un drôle de casque avec une lanterne vieil¬

727 3559 1870 92 lotte à la flamme vacillante. Ils rampent dans un

718 3737 143 89 210
