2977 4210
456 421 1961 105 J’aime à penser qu’elle est le contraire de ce qu’elle

454 528 1619 105 montrait, ma psy. On peut toujours rêver.

552 633 1863 108 C’est à des choses comme ça que je pense quand

454 741 1958 98 ça sonne. À l’heure suivante, gym. Je suis bon,

454 849 1958 102 surtout aux agrès et aux barres parallèles, mais le

456 954 1959 107 prof a une gueule de con et il est nul. Comme je

451 1064 1961 103 ne cesse de le faire tourner en bourrique, il préfère

451 1171 1959 103 ne pas me voir. Il me voit filer au bout du parc, il

451 1274 1950 110 pense bon débarras, et je vais faire de la gymnas¬

451 1389 1961 89 tique à ma façon. Je cours tout droit au cabanon à

449 1492 1963 110 Zéphyrin, passe à travers le grillage, pique vers la

449 1597 1956 98 canche. Enfin seul. Le dépotoir est un grand bateau.

447 1712 1961 88 J’arive par son arrière et me trouve sur une sorte

447 1814 1963 103 de passerelle où je domine le pont ouvert à ciel

444 1920 1964 98 libre. Façon de parler, car le plafond est bas. Sale

442 2030 1968 105 et tout gris. On a beau être en avril, on dirait qu’il va

442 2140 1966 93 neiger. Au-dessus du merdier, des mouettes volent.

447 2250 1961 100 J’aime leurs cris, ce sont des seigneurs, et je les

442 2352 1963 96 chéris à l’égal de mes amis les rats, et encore plus

447 2465 1965 103 parce que leurs ailes les placent au-dessus de la

442 2565 285 98 mêlée.

533 2678 1877 95 Au centre de la passerelle, un bouquet de sureau

437 2785 1975 105 flanqué d’une cahute d’où la vue embrasse tout

437 2897 1973 94 le navire. Le poste de commandement. Autour, il

442 3000 1963 115 pousse des touffes de primevères. La décharge

435 3110 1975 108 fume. Quelqu’un a mis le feu à des ordures et il y a

435 3218 1973 110 aujourd’hui un max de brouillard. Je regarde à

435 3328 1975 105 bâbord et à tribord mais je distingue à peine la

430 3438 1978 105 mer. Devant moi, la proue se perd dans la grisaille

432 3545 1973 106 du ciel. La purée de pois a avalé les falaises

432 3651 1973 102 immobilières. Tant mieux, il va falloir actionner en

2314 3847 94 89 53
