2977 4210
669 484 1853 96 appelèrent et ils eurent beau parcourir le navire en

667 582 1848 91 tous sens, ils ne trouvèrent personne. Ils étaient sur¬

667 685 1858 105 tout surpris de la propreté qui régnait à bord. Le

669 788 1849 103 plancher avait été récuré avec minutie et tout sem¬

669 893 1065 91 blait méticuleusement rangé.

791 996 1736 98 — Apart la soupe oubliée sur le feu, rien ne

674 1101 725 89 traîne, dit le patron.

772 1195 732 105 — Et ça? fit Yvon.

779 1294 1208 112 — Putain! ce que ça schlingue!

755 1405 1777 89 Ils venaient de pénétrer dans le carré dont ils

674 1508 1863 91 avaient dû forcer la porte et Yvon désignait une

676 1611 1858 103 grosse corde cisaillée à une vingtaine de centi¬

674 1719 1865 95 mètres du plafond. Il y avait juste en dessous une

681 1819 1858 91 vaste flaque nauséabonde où crevaient des bulles,

676 1922 1863 101 un ignoble margouillis de pisse, de sang et de merde

674 2025 1710 96 mêlés avec, à proximité, un tabouret renversé.

1593 2324 40 68 *

681 2535 1870 89 Le “Navire fantôme” eut les honneurs de la presse

681 2640 1870 91 lnternationale en mal de cauchemars et François

683 2741 1865 105 Ladouceur eut le privilège de passer aux infor¬

683 2855 344 84 mations.

772 2944 1790 98 Le patron de La Jarnigoine se montra gêné devant

683 3054 1872 89 la caméra, tellement emprunté que son intervie¬

688 3155 1877 100 weur finit par insinuer à brûle-pourpoint qu’il en

685 3255 1882 103 savait probablement davantage qu’il ne voulait en

683 3358 1875 103 dire. Aussitôt, François, que ses proches consi¬

685 3463 1875 92 déraient comme une “sacrée foutue soupe au lait”,

690 3564 1877 96 s’emporta. Il hurla à la cantonade, insultant son

695 3756 82 84 18
