2977 4210
667 432 1858 84 nous, les masses obscures des camions et leurs feux

667 533 1486 96 rouges qui ripent quand on les dépasse.

798 622 1717 100 — Merde, Clotaire, fais quelque chose, dit Fro¬

657 727 492 98 mage blanc.

772 818 1748 103 — Dis donc, Philippe, dit l’autre d’une voix très

645 921 1873 101 douce, c’est bien la septième fois qu’on l’écoute,

645 1026 1873 89 Cette cassette. Alors, moi, je propose un petit break,

645 1125 202 84 OK ?

737 1225 1776 91 Bien sûr, je ne réponds rien mais j’ai capté:

636 1326 1877 103 Clotaire, il s’appelle, je m’en souviendrai. D’habi¬

641 1438 1872 93 tude je n’ai pas la mémoire des noms; pour moi,

636 1531 1870 94 un bidon chasse l’autre. J’ai déjà oublié le nom du

634 1637 1874 100 blanc-bec, mais y a pas, Clotaire, c’est un beau

634 1749 1554 82 nom pour un nègre, je m’en souviendrai.

725 1840 1779 94 D’autorité, Boule de neige a arrêté la cassette.

631 1950 1873 84 On roule en silence. Fromage blanc se tourne vers

627 2048 1879 113 lui. Il donne un coup de menton dans ma direction

624 2154 1880 98 et lui adresse un clin d’œil. Ca m’agace sévère

627 2261 1877 98 mais je suis trop fatigué et je décide de me tenir

631 2366 948 99 peinard pour le moment.

793 2462 1435 103 — Où on en est pour l’essence, Rémi?

711 2570 1788 91 Rémi, c’est son blase à l’autre enfoiré. Luna me

627 2682 1877 84 1’a pourtant dit sur tous les tons le nom de son

636 2783 1858 110 gigolo, mais je l’ai oublié, tiens! Rémi... je range

624 2897 918 99 Ça bien vite en magasin.

732 2996 1769 107 — Ca baisse, répond le rigolo, on va bientôt en

620 3106 1884 102 prendre. On fera un arrêt casse-croûte après Le

622 3215 1879 103 Mans. Ensuite on a l’autoroute presque jusqu’à

615 3321 1886 105 Rennes... Au fait, ouvre l’enveloppe, j’ai oublié le

613 3433 1891 105 nom du bled du curé, je sais seulement que c’est

613 3538 772 110 du côté de Quimper.

615 3744 131 82 132
