2977 4210
800 456 1868 86 Le môme, sagement recroquevillé à l’arrière du

706 563 1964 94 4x4, les mains croisées sur la poitrine, se tenait à

699 671 1962 96 carreaux—maintenant il peut comprendre pour¬

702 783 297 94 quoi...

793 877 1870 91 Devant la morosité de Clotaire, Rémi a ressenti

702 987 1952 98 le besoin de le consoler: “Tu sais ce que je dis?

699 1089 1962 106 Une de perdue, dix de retrouvées! (Il forcait un peu

697 1197 1961 94 le ton, mais c’était pour le bon motif.) Ecoute, Clo¬

695 1307 1966 101 clo, dans quelques heures, on est chez le curé et

695 1410 1959 110 après ça, à nous la belle vie! (Il lui frappait vigou¬

695 1520 1963 98 reusement la cuisse.) Tu vois que c’est quand même

697 1627 1957 87 une belle virée ! T’as tiré, 1’ai tiré... On est des

692 1733 1959 91 tirailleurs de génie, des pointeurs de choc, des

697 1843 1055 88 arquebusiers formidables !

786 1952 1870 87 Pour un peu Clotaire se serait amadoué. Mais il

695 2051 1949 110 y a eu cette fausse note de Philippe. Il leur a brus¬

690 2163 1964 115 quement crié dans les oreilles: “Qu’est-ce qui

697 2271 1940 95 vous prend à vous marrer comme des baleines?

706 2373 1447 92 Vous m’avez laissé tomber hier soir?

779 2486 1865 98 Clotaire lui à fait remarquer pas trop innocem¬

685 2593 1964 103 ment qu’il dormait mais le gamin pas dupe l’a

685 2703 1962 96 regardé par en dessous. “On devrait y arriver ce

685 2809 791 86 matin, chez le curé.

774 2911 1868 103 Rémi qui, les deux mains calées sur le volant,

683 3026 1961 96 chantait C’est un gros curé de campagne s’est

683 3129 1954 89 interrompu. “Hé ho! Nous les esclaves, on a aussi

681 3237 1958 98 le droit de se reposer, non ?’ Le môme n’a rien

678 3339 1957 101 répondu. Il s’est contenté de bâiller en décrétant,

681 3449 1411 101 la bouche ouverte: "J’ai faim, moi!

667 3849 140 89 218
