2977 4210
734 449 1821 100 petit battement de paupières pour l’encourager. Il

727 549 1451 98 reprit un ton d’adolescent provocateur.

924 643 1631 96 – J'ai entendu la taulière, la mère Bonpied. La

730 750 1821 103 Sécu veut plus raquer. Votre truc, c’est pas légal.

901 853 1643 101 —Tu aurais préféré une institution plus... euh,

725 954 1826 107 plus traditionnelle. (Le gamin s’esclaffa.) Pourquoi

725 1064 281 91 ris-tu?

870 1167 1667 100 — Parce que, eux, ils nous emmerdent vrai¬

720 1274 1262 98 ment et qu’on peut pas les baiser.

870 1370 1140 98 — Tu as envie de nous baiser?

894 1473 1486 105 — Ça dépend, dit le gamin en rougissant.

807 1578 1559 91 De nouveau il la regardait par en dessous.

898 1679 831 107 – Ça dépend de quoi?

805 1782 1729 105 Il se taisait. Elle reposa sa question. Il retrouva

718 1889 1215 101 sa voix plaintive de petit enfant.

826 1992 1350 103 — Vous allez me faire des piqûres?

821 2093 758 100 — Non. Pourquoi?

814 2196 484 93 — Jurez-le.

814 2299 765 98 – Je te le promets.

830 2399 1697 103 — Il ya des mômes, je sais que vous leur faites

718 2504 466 106 des piqûres.

872 2607 1648 103 — À toi, on ne t’en fera pas, assura paisiblement

716 2708 236 91 Luna.

802 2809 1718 109 Dans l’œil de Philippe passa une lueur de triomphe.

837 2914 1683 105 — Ah ! Tu vois que vous en faites. Et après un

716 3024 1804 103 temps, il ajouta: De toute façon je m’en fiche, les

716 3129 1804 89 autres mômes, c'est des enfoirés. Je les déteste.

821 3225 749 105 — Même Yolaine ?

816 3330 1702 108 — Yolaine, c'est différent. C’est une pauve

720 3440 1566 110 gosse... Le premier salaud qui y touche...

802 3545 798 106 Il la regarda et se tut.

720 3739 85 75 74
