2977 4210
622 474 1802 106 Imagine la pagaille que ça peut mettre à bord,

528 580 1891 100 1ous les mômes en train de plonger ou de photo¬

533 682 377 99 graphier!

617 989 464 91 Enfin seul!

615 1096 1809 103 Je suis seul à bord, c’est ça que j’apprécie... Pas

531 1220 1893 85 Sl Seul au fond, puisque je peux te raconter ce que je

531 1305 1369 93 vois. Mais à toi, Luna, et à toi seule.

622 1410 1802 86 1on racket en vaut un autre. Psys, curés, politicards

519 1513 1908 98 ct autres nantis, les gens font du fric de n’importe

521 1620 1906 85 quoi aujourd’hui. Je suis encore minot mais j’ai

519 1716 1898 91 dé jà compris le fonctionnement du bordel indus-

519 1824 1903 89 triel. Seulement, moi, je ne marche pas. Je rigole

521 1929 1903 96 de votre flopée de désirs misérables, de ce que vous

521 2032 1903 105 promettez et qu’on n’aura jamais. Votre baisodrome

519 2135 1903 103 regorge de pauvres, il en débarquera davantage de

524 2242 1893 96 plus en plus et vous serez de moins en moins nom¬

521 2345 1896 92 breux à vous disputer le gâteau. Mais rassurez-vous,

517 2444 1905 89 débilos, les Indiens reviendront. Ils auront la rage, la

519 2554 1900 95 colère et la force. Voilà pourquoi vous crèverez tous.

610 2656 1812 87 Remarque, ma Luna d’amour, moi, je m’en fiche

519 2759 1896 99 un peu. Pour le moment, j’ai fait une trêve, je suis

519 2865 1896 100 peinard sur mon bateau et je vois tout ça de très

521 2965 347 89 très loin.

610 3274 1798 91 Il n’y avait pas à chercher midi à 14 heures !

606 3379 1813 91 Je l’ai trouvé, le chemin des baleines. Il suffit

519 3487 1893 84 de se laisser dériver et on entend leur chant. Si je

514 3592 1901 103 ne me suis pas trompé dans mes calculs, on sera

2284 3767 131 87 289
