2977 4210
760 498 1751 98 avec des “fulgurances inattendues”. Bien que tout

769 598 1744 84 nouveau à l’EMP son vocabulaire et sa maîtrise

774 694 1751 96 de notre langue est exceptionnelle. Cf. devoirs et

781 797 1751 82 tests ci-joints. Bien que nous n'attachions pas une

786 895 1751 80 attention à ce genre de mesures, noter le Ql élevé

793 991 1753 82 d’un sujet, visiblement doué et exceptionnellement

798 1085 1750 98 intelligent. Mais, dévoré par son angoisse, ces lau¬

805 1202 695 68 riers sont sans suite.

889 1279 1678 100 Après un échec scolaire patent, Philippe se fait

809 1377 1763 84 exclure du circuit normal de réadaptation: il est

816 1473 1760 98 mis à la porte de l’hôpital de jour qui lui a réservé

823 1567 791 88 un lit à l’asile de Blois.

917 1665 1669 100 Violent et impulsif, avec tendances pyroma¬

830 1768 1758 91 niaques, il manifeste des réactions agressives pri¬

835 1861 1624 91 mitives, dominées par la loi du “tout où rien”.

924 1962 1683 93 De l’avis de ses proches, c’est un meurtrier en

847 2060 374 94 puissance.

936 2154 1678 86 Seule sa grand-mère, qui se refuse à l’abandon¬

854 2250 1769 100 ner à l’asile (“Il m’a toujours respectée”), parvient

891 2350 557 82 “à le raisonner”.

950 2444 1678 96 Un compromis est trouvé début juin 1995:

875 2542 1760 86 l’hôpital Saint-Matthieu l'héberge (pour commen¬

875 2635 1764 96 cer en cellule, sous Valium) et, à partir de juillet,

882 2731 1769 101 l’institution Vert-Paradis l’accueille pendant la

882 2830 309 95 journée.

973 2928 1414 91 Réduction des doses de neuroleptiques.

978 3033 1240 77 Le sujet sort de son état comateux.

978 3122 1690 93 Période d'adaptation très courte (moins d’une

891 3225 1784 91 semaine): phases de calme douloureux coupées

896 3318 1779 99 de crises. Moments d’agitation intense (bouffées

901 3414 416 89 délirantes).

903 3585 84 77 34
