2977 4210
617 339 604 100 Pas de réponse.

610 444 377 100 Je geins:

622 544 1809 101 — Vous allez rester un peu... Je connais per¬

519 650 1922 100 Sonne, moi, là-bas ! Et puis on est potes, hein? On

526 755 1648 89 Sest quand même bien marrés ensemble...

606 856 1835 100 Je sais rendre ma voix pathétique. Je pleure

519 965 1926 101 Dresque, je suis vraiment tout d’un coup un tout

519 1066 475 98 petit môme.

657 1167 1781 98 — Tu crois pas que tu nous as fait assez chier

514 1244 1920 126 comme ça, fait Fromage blanc d’une voix sèche...

638 1375 1791 103 — Tu crois qu’on va demander une rallonge?

514 1478 653 91 renchérit l’autre.

596 1761 1847 100 On ralentit devant un passage à nveau qui se

512 1866 1936 86 serme. Je saute de la Cherokee, cours comme un

505 1967 1943 95 dératé et passe sous la barrière avant qu’elle soit

505 2067 1938 103 complètement baissée. Boule de Neige bondit der¬

503 2172 1945 103 rière moi, il envoie dinguer le portillon piétonnier

503 2275 1940 105 ct m’attrape par le fond du pantalon. Un train dé¬

505 2388 1940 93 boule à grande vitesse avec un vacarme qui me

505 2488 681 87 Casse les oreilles.

617 2586 1824 103 — 7’êtes pas cinglés? braille une bonne femme.

585 2694 1860 89 Elle porte une chemise d’homme à carreaux.

500 2797 1941 91 Ses gros nichons ballottent en dessous. Ses che¬

505 2907 1940 86 veux longs et crasseux sont coiffés d’une casquette

496 3003 484 89 d’uniforme.

587 3106 1362 105 Je me débats de plus belle, je crie:

629 3213 1807 98 – Vous avez vu ? Il a voulu me pousser sous

496 3323 774 96 le train, ce sauvage.

587 3421 1856 103 La garde-barrière lance un drôle de regard au

496 3534 739 100 nègre qui rit jaune.

2312 3707 138 89 229
