2977 4210
791 381 1893 126 plus vigilant j’aurais pu, non pas guérir ce pauvre

791 479 1895 124 petit, mais au moins l’apprivoiser Je ne me leurre

795 577 1894 129 pas, une tâche immense m’attendait. Peut-être

795 682 1894 124 n’aurais-je réussi au mieux qu’à ce que Philippe

798 790 1764 124 puisse enfin regarder les autres et les respecter.

889 895 1797 110 Quant à le réconcilier avec lui-même, je ne pou¬

805 1010 1090 98 vais rêver. Tout est ma faute.

1671 1117 1022 101 Le révérend père TERRAQUÉ.

2036 1216 655 84 recteur de Painclain.

903 1496 1641 124 Un fléau, le Topineau! Ah, si j’avais su !...

905 1604 1795 119 Tout ça, c’est à cause de Rémi, le baratineur.

816 1707 1891 122 C’est à cause de ce fichu marchand de pianos, que

816 1805 1889 133 j’ai été coïnfirmier si on peut dire. Ce tchatcheur

814 1915 1891 112 m’a vendu une chouette balade en voiture, tous

819 2011 1891 136 frais payés: il s’agissait simplement de conduire

816 2116 1896 119 au bout de la Bretagne un gamin perturbé et de le

821 2226 1479 110 livrer à un curé qui élevait des abeilles.

912 2324 1802 122 Il y avait un peu de thune en plus. Vous auriez

826 2448 510 96 hésité, vous ?

917 2528 1800 131 Plilippe était loin d’être idiot mais je n’ai pas

828 2633 1893 122 reussi à le comprendre et j’ai vécu avec lui et Rémi

830 2738 1889 120 quarante-huit heures de cauchemar. Je comprends

835 2837 1891 126 qu’a l’institution Vert-Paradis ils aient eu envie de

835 2947 1893 119 se débarrasser de ce môme. Je n’ai pas grand-chose

837 3045 1887 121 d’autre à dire, sauf qu’il était du genre suicidaire.

840 3150 1893 129 C’était un tueur-né, ce chérubin. Il aurait plutôt

840 3262 1460 122 poignardé le genre humain tout entier.

933 3356 1795 128 Bref, c’était un vrai fléau, ce môme, je pensais

842 3463 1889 120 qu’on l’aurait dans les jambes à perpète. Ouais, je

851 3681 89 96 40
