2977 4210
606 486 1813 96 Elle s’est quand même laissé faire même si,

514 591 1913 98 après, elle à poussé des cris d’orfraie. Mais tout

514 692 1908 96 ça, Luna, le curé a dû te le raconter. Remarque, il

514 797 1910 89 n’a pas été chien, le corbac. C’était la montée de la

512 900 1900 105 sève, qu’il lui a expliqué à son Alberte, les jeunes,

510 1008 1907 100 c’est plein de sang, il faut leur pardonner. Le vieille

512 1113 1900 100 punaise de sacristie a bougonné un chouïa mais

510 1213 1900 89 clle a bien voulu faire la paix. L’abbé a dit que les

507 1321 1898 98 abeilles c’était trop cool pour moi, que j’avais sur¬

512 1424 1898 86 tout besoin de me dépenser et il m’a branché avec

512 1527 1896 100 un collègue à lui, le père José, qui emmène les

505 1632 1290 89 mômes à problèmes aux baleines.

596 1733 1812 103 Mais avant d’y arriver, Luna, il faut que je te parle

500 1838 1910 91 cncore de tes infirmiers bidon. Quand le plouc les a

500 1945 1905 99 cmbarqués, je leur ai fait promettre de revenir me

510 2053 1895 84 Voir et, au moment de grimper dans la caisse du

505 2154 1893 86 bouseux, ils m’ont embrassé. Je leur ai crié qu’ils

498 2257 1910 98 étaient mes potes que je les aimais. Cul blanc n’a

503 2362 1905 100 pas moufté, mais Cloclo a sorti son bras par la

500 2462 1901 106 portière et l’a agité jusqu’à ce que la camionnette

500 2570 1089 98 ait disparu derrière une haie.

587 2678 1809 95 Oui, peut-être que tu me croiras pas, mais je les

496 2778 1898 89 dimais, ces deux enculés. Enfin, mettons que j’avais

496 2881 1898 101 appris à les aimer. C’étaient de francs salopards,

496 2989 1895 98 mais de les voir partir, ç’a m’a rendu tout chose.
