2977 4210
493 411 1859 89 Rémi m’a coupé d’un geste, il savait ce qu’il faisait.

521 509 1831 94 “Avec moi, jamais de lézard, tu le sais hein, Clo¬

489 612 1860 110 clo?” Je n’ai pu que soupirer. Il m’a dit que je

489 720 1863 105 n’étais pas joyeux, comme nègre, et répété qu’il

496 820 1851 110 y avait mille balles à se faire, tous frais payés.

517 933 1835 98 “Pourquoi t’y vas pas tout seul? ai-je demandé.

491 1026 1856 101 Mille balles divisées par deux, ça fait beaucoup

486 1134 1856 103 moins.“ Il s’est fâché : “Tu déconnes ou quoi?

489 1239 1860 105 C’est pas une histoire de fric. T’es mon pote. Tout

489 1344 1851 108 seul, ça fait chier. À deux, c’est rigolo... Le nègre

486 1447 1014 101 et le Blanc, tu vois le plan !“

568 1555 1772 89 Clotaire raconte; Luna imagine. Elle voit très

486 1653 1852 94 bien cette fin d’après-midi: Rémi conduit en sif¬

484 1756 1851 105 flotant tandis que Clotaire regarde défiler la ban¬

486 1861 1854 91 lieue d’un œil morne. Ils franchissent le pont qui

484 1969 1854 98 enjambe le canal. Rémi donne un brusque coup de

489 2069 1851 99 volant, la Coccinelle bifurque sur le chemin de

482 2172 1856 103 halage et s’engage dans la traverse qui conduit à

486 2271 450 95 l’institution.

554 2376 1779 105 Clotaire lui rapporte comment il fut saisi par

479 2488 1856 96 cette apparition entre le paysage industriel et la

477 2586 1851 89 cité : sous les rayons enflammés du soleil cou¬

475 2689 1856 103 chant, la grande bicoque lui parut surgir d’un conte

475 2790 1853 96 d’Edgar Poe. Mais Rémi le fit redescendre bien

477 2893 1851 105 vite sur terre. “Le Vert-Paradis! Voilà, on y est! Le

477 3000 1844 106 paradis des gosses dingos. Pas méchants méchants,

475 3106 1851 100 mais tarés, tu vois...” La grille s’est refermée sur

472 3206 1854 96 eux. Personne dans le parc. Tout était étrangement

475 3311 1849 103 silencieux, les fenêtres éclairées, quelques volets

472 3410 1845 107 déjà fermés. Rémi s’est garé près de l’entrée prin¬

475 3508 1846 112 cipale. Il a désigné de l’autre côté d’une vire Luna

2199 3693 127 96 101
