2977 4210
528 421 1796 98 Un silence pesant s’installe dans la voiture. Dès

435 528 1896 98 que Fromage blanc a terminé son croissant, il allume

435 638 604 94 une autre clope.

603 734 1716 105 Tu devrais en filer une à ton pote, je dis gen¬

432 851 277 75 ment.

517 944 1809 106 Sans y penser, le blafard tend son paquet au

430 1059 644 91 negre qui se sert.

517 1160 557 81 Je commente :

589 1255 1730 101 —Comme ça, la tabagie est complète. Vous

435 1365 1884 94 voulez ma mort, infirmiers de merde! Ça vous

425 1464 1889 100 arangerait bien, hein? Vous allez me faire clam¬

435 1576 1479 93 ser à cause de vos putains de cigarettes.

512 1669 339 106 ll rigole.

552 1772 1507 101 — Mourir d’une chose ou d’une autre...

510 1878 271 89 Je dis :

530 1985 1772 102 — T’as raison, mec... De toute façon, les experts

423 2086 414 96 le disent...

507 2186 1802 94 Le Black me balance un coup d’œil dans le rétro.

535 2296 1477 101 – Qu’est-ce qu’ils disent, les experts?

521 2397 1791 103 — Que la terre est fichue. Qu’il n’y a plus rien

416 2504 1194 99 a faire. Que c’est râpé, terminé.

521 2605 901 101 — Où t’as entendu ça?

507 2706 1800 103 — Au bahut, à l’école. Partout. La pollution,

411 2813 1889 89 les déchets nucléaires, la couche d’ozone foutue...

414 2921 1888 86 le monde est pourri, c’est la fin de notre civilisa¬

411 3024 960 84 tion de merde et du reste.

500 3124 1802 106 Silence radio. Il faut que je fasse quelque chose.

519 3232 1187 103 – Passe-moi une clope, Rémi.

505 3329 348 88 – Non.

512 3435 407 101 — Allez !

526 3541 515 98 — C'est non.

2176 3737 143 89 227
