2977 4210
753 428 1580 100 Philippe baissa sa vitre et se mit à hurler:

657 626 1875 108 prolos de merde! Alcoolos! C’est pas moi qui

779 530 1748 85 "Bande de connards! Ouvriers à la con! Caca¬

664 736 1360 82 vous paierai vos retraites d’abrutis!

739 830 1788 89 Clotaire accélérait. Rémi se lança par-dessus

652 935 1875 89 son siège pour attraper le gamin au collet.“Tu vas la

650 1031 1875 105 fermer, oui? Tu vas la fermer! Ou je t’en allonge

652 1141 1061 84 une dont tu te souviendras!

737 1239 1790 101 Il agitait de façon menaçante sa main droite en

648 1347 1879 86 direction du môme qui, étrangement, se calma tout

645 1443 1877 98 à fait. “OK OK. Mais t’avoueras qu’il est con, ce

643 1550 1849 96 mec. Tout ce que je voulais, c’est des bonbons!

643 1648 1879 103 Et Philippe, se bidonnant joyeusement, mit la

638 1756 1882 87 main dans son blouson et en sortit une douzaine

641 1854 938 101 de paquets de friandises.

730 1957 1790 91 Clotaire conduisait, le regard rivé sur le bas-côté

638 2060 564 89 de l’autoroute.

755 2161 1760 110 "Qu’est-ce que tu cherches? lui demanda Rémi.

826 2273 515 93 Tu vas voir.

723 2376 1797 100 L’Antillais donna un coup d’œil dans son

627 2479 1888 107 rétro. Il aperçut Philippe agenouillé sur le plan¬

629 2589 1889 91 cher. Le gamin avait éventré sur la banquette les

629 2696 1889 108 poches de plastique et rangait les bonbons par

629 2804 325 89 couleur.

713 2911 1800 117 Rémi, qui avait suivi le regard de son ami, de¬

629 3024 1744 103 manda: “Alors, ça existe, ou ça n’existe pas?

718 3127 1126 105 – Quoi? demanda Clotaire.

819 3239 1692 107 Ça , fit Rémi en se tapotant la tempe de

629 3346 1039 108 l’index d’un air significatif.

709 3463 1806 103 L’autre lui accorda à peine un coup d’œil, ses

631 3576 1880 100 yeux étaient revenus sur le bas-côté de l’autoroute.

627 3770 128 82 146
