2977 4210
875 425 1788 96 Quand je rouvre les paupières, c’est le petit

781 523 1873 92 matin. Les premières lueurs du jour pénètrent dans

784 626 1870 103 la grange. Qu’est-ce que je fais là? Un coq chante

781 727 1873 89 au loin. J’entends un bruit de foin froissé. Les

784 832 1872 101 yeux encore plein de sommeil, j’émerge de mon

779 937 1875 87 nid nocturne. Je me soulève sur un coude. La tête

779 1040 1882 99 me gratte, je passe mes doigs dans les cheveux et

779 1139 1875 91 ramène des brins d’herbe sèche. J’en ai aussi sur

784 1241 353 103 la figure.

870 1342 1788 105 Je retire un fétu de paille de ma bouche. Ma

777 1452 1879 91 main glisse vers mon entrejambe et tâtonne. Il est

779 1553 1875 86 là, bien au chaud, enveloppé dans son chiffon taché

774 1655 1088 85 de cambouis. Je suis rassuré.

863 1756 1791 98 Je me réveille tout à fait. Comment est-ce que

781 1857 1868 105 J’en suis arrivé là ? J’ai attendu que mes gardes¬

772 1964 1875 98 malades soient entrés dans l’auberge pour appro¬

772 2067 1879 96 cher. A travers les vitrages embués, je pouvais voir

774 2170 1875 94 une trentaine de blaireaux qui chantaient et se tré¬

772 2273 1877 98 moussaient accompagnés par un orchestre chétif:

777 2378 1879 84 accordéon, guitare basse, violon, batterie. Comment

774 2488 1880 87 lnVenter plus ringard ? On àvait démonté uné

777 2577 1870 103 grande table pour faire de la place pour les dan¬

772 2682 1882 89 seurs. Dessus, une pièce montée ruinée dégueulait

772 2785 1879 87 dans des restes de bouffe et des bouteilles de

769 2890 1880 99 mousseux. Une grand-mère portant perruque dor¬

772 2996 1879 84 mait, la tête dans ses bras croisés. Sa moumoute

772 3099 1872 84 rousse avait glissé et montrait une chauverie galo¬

772 3197 849 98 pante. Pas beau à voir.

865 3295 1786 91 Tout le monde était en habits du dimanche. La

765 3400 1877 96 mariée, une belle blonde costaude, pleine de sève,

767 3508 1872 89 des nibards gros comme des melons, les cuisses

758 3679 145 88 200
