2977 4210
424 571 804 88 — Vous n’ouvrez pas ?

421 663 853 94 — Plus tard, ment Luna.

404 764 1627 87 Elle attend que la Phine, déçue, soit sortie pour

322 860 1704 98 ouvrir l’enveloppe. Elle est désappointée car l’écri¬

325 958 718 82 ture lui est inconnue.

657 1087 1374 89 Le Havre-Aubert, ce I7 décembre 1996

397 1225 958 87 Chère mademoiselle Luna,

395 1319 1636 96 Ce colis eétait déjà emmailloté, prêt à vous être

315 1417 1718 82 envoyé. S’il vons plaît, pardonnez mon indiscré¬

313 1515 1723 80 tion, ne croyez pas que c’est seulement une curio¬

315 1602 1725 86 sité détraquée qui m'a fait le déballer. Probable

313 1698 1725 84 que le bon Dieu qui a voulu me faire tomber le pre¬

313 1793 1727 85 mier sur ce lot-là a arrêté également que je sois le

315 1887 646 94 premier à l’ouvrir.

390 1978 1657 101 J’ai rapporté le paquet chez moi et j’ai écouté

315 2090 473 85 presque tout.

397 2165 1655 103 Ce fourbi-là ne regarde pas les journalistes ni

318 2264 1736 86 leurs compères de la police. Pensez donc à tout le

318 2359 1739 101 profit que cette engeance pourrait faire avec tant

318 2453 435 91 d’horreurs!

402 2544 1652 91 Si je me permets à présent de vous écrire, made¬

320 2645 1737 84 moiselle Luna, c’est parce que vous êtes un ange

322 2736 1739 87 dit bon Dieu. Ce n’est pas moi qui le chante, c’est

325 2830 1736 88 le petit Topineau. Tout possédé du démon qu’il

325 2925 1736 89 est, il dit quue vous êtes une sainte et son bon Dieu,

325 3026 1736 96 parce que vois êtes la seule personne qu’il con¬

329 3127 705 77 naît qui se respecte.

416 3211 1655 98 C’est très importaut de se respecter. Moi, je me

329 3309 1739 91 respecte. Même quand je prends ume bonne biture,

332 3407 1193 87 sauf votre respect mademoiselle!

2012 3585 75 84 23
