2977 4210
706 551 1969 92 et franchir la porte. Un mince sourire affleure à

805 444 1870 93 Sur le seuil du living, elle écoute, l’entend se lever

713 657 993 103 ses lèvres quand elle dit:

854 764 1680 101 – N’oubliez pas de refermer derrière vous.

800 870 1865 109 Clotaire obéit, se rapproche d’elle et, par-dessus

713 979 1266 106 son épaule, lit ce qu’elle a écrit:

821 1190 1680 91 T0ujours la même chose: la Sainte-rinité.

814 1300 1854 103 Qu’est-ce qui s’est donc passé entre tous les

711 1405 1961 103 Hrois? Plilippe s’en est pris à Rémi et, de son

716 1513 1488 103 propre aveu, l’a fait  devenir chèvre.

812 1616 1858 105 Et avec Clotaire, qu’est-il arrivé? De quoi Phi¬

716 1723 1172 110 lippe l’a-t-il rendu coupable?

816 1833 1847 108 De quelque chose que lui-même ignorerait?

812 2048 1860 92 Elle se tourne vers le jeune homme et demande

718 2161 506 81 en souriant :

833 2257 1245 107 — Que s’est-il passé, Clotaire?

823 2362 1845 105 – Que voulez-vous dire? répond Clotare. Vous

725 2476 1058 99 vous foutez de ma gueule?

812 2579 1856 103 Elle lui assure que non. C’est de ses propres sché¬

718 2687 1947 93 mas qu’elle se moque. Et donc d’elle-même. Mais

718 2797 922 100 elle répète sa question:

894 2897 1039 106 —Que s’est-il donc passé?

849 3012 847 96 — Je le sais pas, moi.

807 3115 1858 91 Luna lui fait entendre la partie de la bande qu’elle

718 3225 1947 84 à écoutée en son absence. Une idée s’est fait jour

713 3330 1950 98 en elle mais elle sait que chaque chose doit venir

713 3435 1950 103 en son temps et elle se garde bien de brusquer le

720 3543 1941 100 garçon. Clotaire s’entête, il ne voit vraiment pas

716 3643 1947 103 ce qu’elle veut dire. Elle lui sourit derechef, lui dit

713 3845 136 79 248
