2977 4210
489 453 1837 87 (de Cherokee est devenue un monstre, un animal

491 549 1833 96 temifiant. Je regarde Clotaire en secouant la tête. Il

489 661 1837 99 me sourit, il comprend ma mimique. Pour lui, il

489 762 1830 103 me dira plus tard, c’est un appel au secours. Dou¬

489 867 1828 103 cement, mais fermement, il me prend par le poi¬

493 970 1828 105 gnet. Je me dégage en lui flanquant mon coude

491 1073 534 84 dans les côtes.

573 1174 763 91 Je bondis en arrière.

608 1279 1706 98 — Vous êtes des matons ou quoi? Foutez-moi

493 1375 274 112 la paix.

622 1480 1692 105 — OK, OK, fait Fromage blanc. OK, on te fout

493 1585 604 103 la paix. Grimpe.

573 1691 1736 86 Je les regarde l’un après l’autre avec méfiance.

643 1793 1657 96 - Vous tirez les ficelles et moi, je marche...

568 1896 1741 96 Le nègre s’est placé de façon à me couper la

489 1995 1818 88 retraite. C’est lui le méchant à présent. L’autre me

493 2100 646 89 sourit, conciliant.

578 2196 1724 100 — On tire pas les ficelles, c’est toi qui décides.

493 2301 1814 89 Tu nous la joues au fou dangereux? Mais on le sait

489 2406 1818 105 bien que t’es pas fou. Beaucoup trop intelligent

486 2511 1816 101 pour ça. Alors nous, on joue à pas entrer dans tes

486 2624 382 77 conneries.

561 2717 1741 92 Il met le moteur en marche, enclenche une vitesse,

482 2818 1823 89 démarre. Je saute aussitôt dans la caisse et Boule

484 2921 1823 103 de neige me suit. On fait quelques mètres et je

486 3028 1821 99 leur flanque à chacun une grande bourrade sur

486 3120 326 110 l’épaule.

610 3232 1699 100 — Vous êtes mes anges gardiens, hein? je fais

486 3339 1826 87 lronique. Le Blanc et le Noir. Je suis dans une putain

482 3440 1823 103 de prison à roulettes avec deux cinglés qui se pren¬

482 3545 777 106 nent pour des anges!

2199 3721 120 86 161
