2977 4210
889 1073 1032 96 À LALUMIÈRE D’HIVER

482 1393 1858 89 À présent des cris de mouette occupaient seuls la

479 1489 1863 96 bande. Luna Murcia-Phœbus arrêta le lecteur et

477 1595 665 91 écrasa sa Dunhill.

554 1695 1786 98 Elle n’était pas habitée par la seule pensée de

477 1800 1861 115 Philippe. Tout comme son patient, Rémi était à lui

477 1906 1858 107 tout seul une prise de tête, comme il disait: à cause

479 2006 1854 106 de ce germe de folie qu’il portait en lui, il avait tou¬

482 2114 819 98 jours été insaisissable.

554 2212 1784 105 C’était cela qui fascinait la psy, ce grain de folie

479 2317 1856 92 associé à son incorrigible désinvolture. Bien qu’il

482 2427 1858 94 soutînt mordicus le contraire, le garçon s’était

475 2526 1858 100 empressé d’oublier le service qu’il avait accepté de

477 2631 1858 93 lui rendre. Il avait prétendu avoir un besoin urgent

475 2731 1858 101 de lui parler mais elle n’était pas dupe. Comme

475 2832 1860 98 d’habitude, ce salaud avait besoin d’argent. C’était

477 2939 1854 101 son côté casse-pieds. Alors qu’il était surprenant,

475 3042 1849 89 brillant et parfois même éblouissant, ses incessantes

472 3145 1852 101 et si prévisibles demandes de fric gâchaient tout.

552 3251 1772 88 Un grattement à la porte tira Luna de sa rêverie.

472 3356 1842 98 Elle rangea dans son bureau magnétophone et cas¬

472 3456 1852 87 settes avant d’aller ouvrir. C’était bien Clotaire. Il

475 3562 1844 117 s’excusa. Ses amis venaient des Antilles. Un voyage

2235 3746 86 80 83
