2977 4210
521 313 1891 89 Je continue un bon moment à me dandiner sur

432 421 1976 105 l'lace puis, brusquement, je me fige, fixant quelque

430 526 1982 89 close entre mousse et caillasse, là où la Cherokee

430 636 1982 100 cst tombée sur le flanc, vidangeant un peu partout

435 748 807 91 ce qu’elle contenait.

524 851 1886 98 Le Fromage et Boule de neige suivent mon

432 958 1976 101 1egard: un orvet, délogé dans son repaire, ondule

432 1066 1971 87 du fond du fossé. Le voici qui traverse, chevauche

432 1174 1964 100 Sôn frangin crochet, cet étrange serpent d’acier, ter¬

430 1279 1971 91 riblement acéré, diablement dangereux. Cul blanc

430 1391 1961 98 regarde le nègre et moi, je les mate en ricanant...

521 1492 1870 105 Ils font dans leur froc, mes anges gardiens. Rétro¬

442 1618 543 70 SDCctivement.

517 1705 1877 105 Puis le Fromage se décide; il va au 4x4, ouvre

428 1812 1968 103 le vide-poche, y enferme le crochet de docker. Il

432 1924 1730 101 I’a verrouillé quand le pandore-chef revient.

524 2030 1872 103 – L'histoire du gosse et du curé, ça tient. On

428 2140 1963 100 vIent de l’avoir, il vous attend pour déjeuner. On

421 2247 1966 101 a cu aussi la propriétaire de la voiture, elle a con¬

423 2357 1964 98 lirmé qu’elle vous l’avait prêtée. (Il jette un coup

418 2462 1962 103 d’œil à la caisse.) Mais vous ne pouvez pas repren¬

418 2570 485 86 (dre la route.

514 2675 1873 94 Mes deux potes se regardent. Cul blanc fait une

418 2787 380 87 1entative.

521 2888 1868 105 — En faisant bien attention. En roulant à vingt

418 2996 1454 98 à l’heure, avec les feux de détresse...

507 3108 1241 100 Le gradé le foudroie du regard.

526 3211 1854 100 — Certainement pas. J’immobilise le véhicule.

510 3323 1877 98 – Et comment on y va, à Painclain? demande

416 3428 618 106 Boule de neige.

521 3534 1856 107 — Comme tout le monde. Vous prendrez le car¬
