2977 4210
779 456 1875 86 chauffe et tout et tout... (Il s’est mis à rigoler gras¬

784 556 1678 101 sement.) Y sera fin prêt pour ce que tu sais...

779 760 1877 103 rappelant de rien, a dit la mariée pleine de mépris.

905 657 1756 98 — Fin prêt pour se réveiller dans dix heures en se

875 867 1114 84 Boule de neige a marmonné :

905 965 1550 99 — Drôle de nuit de noces quand même...

870 1068 1791 103 Elle s’est encore rapprochée et lui a pressé la

781 1183 239 80 main.

919 1272 1737 100 — 1e casse pas, ça fait des années que je le

779 1372 1870 106 pratique, le Charlie! Au lit, c’est un vrai charlot!...

781 1480 1877 87 Quand même, c’est vrai, une nuit de noces, on

779 1585 1879 99 n’en a qu’une, et moi, je vais la passer à nettoyer

781 1693 396 79 SOn vomi.

865 1784 1798 91 Alors le nègre s’est penché à son oreille et la lui

777 1892 1884 86 a mordillé en murmurant des choses que je n’ai

777 1990 1879 105 pas pu entendre. D’abord la mariée a souri puis

772 2095 1886 87 elle a ri, ensuite sa main s’est crispée sur celle de

774 2196 1884 100 Boule de neige et, à son tour, elle s’est penchée à

774 2299 1887 93 son oreille pour chuchoter, mais cette fois, j’ai tout

774 2406 363 87 entendu:

931 2502 1725 105 — Viens, mon oiseau des îles... C’est toi qui

772 2614 1299 99 me le feras, mon voyage de noces.
