2977 4210
533 423 1879 96 qui Se cintre et se tortille. Sur la courbure de métal,

533 523 1142 99 in éclair file entre mes doigts.

629 629 1779 100 – Holà, belle mariée, vous n’avez pas peur?

636 727 735 105 — N’nan, elle fait.

615 830 290 89 Je dis:

634 935 1168 103 — C’est gentil. Touche, allez!

608 1045 1797 101 Comme elle ne bouge pas, j’attrape sa menotte.

526 1146 1884 86 Lcs yeux fixés sur le crochet, terrorisée et fascinée

524 1251 1884 84 comme s’il s’agissait d’un animal vivant, elle ne

526 1358 1884 94 Se débat pas. Toujours souriant, je pose sa main

519 1454 1889 87 Iorte sur ma bestiole. J’ai tourné le manche d’un

519 1562 1886 84 coup sec ; elle crie en voyant le serpent s’enrouler

521 1667 1882 82 dutour de son poignet. Je ne dis mot, nous sommes

519 1763 1882 98 ¡perdus, irrémédiablement liés par le monstre d’acier.

519 1868 1877 96 Je Vois sous sa robe de dentelle ses seins complè¬

517 1976 1881 82 lement nus. Je reste ainsi quelques secondes immo¬

514 2069 1887 106 bile, haletant, hésitant à frapper quand j’entends le

514 2175 1887 96 bruit d’une giclée de cailloux suivi d’une démarche

512 2278 1889 88 hésitante. Je lâche la mariée et, cachant le bestiau

521 2388 1873 86 SOus ma chemise, je me baisse derrière le charreton.

596 2486 1800 103 Rémi sort de la remise. Il pisse longuement en

510 2589 1879 100 bâillant, se gratte les couilles et s’étire en regar¬

510 2696 1884 96 dant le jour se lever. Je me garde de bouger de ma

510 2794 1874 103 cachette et j’attends qu’il se dirige vers la grange

512 2904 1482 92 lpour me retourner. La mariée a disparu.

599 3000 1788 101 J’entends à l’intérieur de la grange Fromage

510 3103 1355 105 blanc qui braille, d’humeur joyeuse.

606 3204 1776 105 — Allez, Cloclo, la fête est finie! Faut y aller!

510 3309 1514 105 Io, Cloclo! Où c’est qu’t’es bonguieu?

589 3412 1793 91 Je me faufile derrière lui pour voir Clotaire émer¬

512 3517 1870 103 gcr brusquement d’un tas de foin. Pas clair du tout,

2253 3709 134 80 213
