2977 4210
746 507 1919 103 splendides créatures. Des gracieuses et des mignon¬

844 404 1833 89 Il en a baisé, des bonnes femmes. De belles et

741 610 1922 91 nes, des jolies et des moins jolies. Des bien rou¬

741 711 1929 100 lées, d’autres à cause de l’éclat de leurs yeux ou

741 820 1927 87 de la forme émouvante de leur cou, de la courbe de

739 921 1922 98 leurs seins ou de l’appel de leurs cuisses. Celles

739 1029 1919 96 qui sentaient bon la poule, celles qui avaient des

737 1129 1917 98 odeurs charnelles grisantes, celles qu’il aurait pré¬

737 1232 1919 96 féré ne pas sentir. De somptueuses femmes du

734 1335 1913 94 monde et d’accortes servantes. Et aussi des moches,

737 1440 1910 96 des naines, des handicapées. Des chauves, des

734 1543 1913 84 moustachues. Celles qui avaient la peau sèche ou

744 1644 1895 96 grêlée, celles qui l’avaient grasse. Des sans charmes,

737 1749 1902 98 à cause peut-être de cette complète absence de

739 1854 1896 96 séduction qui donne le vertige. De purs boudins

739 1967 1496 77 aussi. Boudins blancs ou boudins noirs.

823 2055 1812 92 Il retient son geste. Jamais, il n’a fait l’amour à

732 2158 1896 106 une métisse. Ca le dégoûte, sans qu’il trouve une

734 2271 695 84 bonne raison à ça.

849 2369 800 89 — Je n’ai rien à dire.

819 2472 1792 98 Bien qu’elle soit couleur café au lait, Luna, elle,

725 2575 1374 100 ne le dégoûte pas. Il baisse les yeux.

823 2678 1786 95 — Je vous l’accorde, fait-elle avec un petit hoche¬

720 2783 1889 89 ment de tête. Il y a sans doute une grande place à

725 2895 1875 94 l’imaginaire dans ce qu’il raconte mais j’ai ten¬

725 2996 1034 84 dance à le croire, ce gamin.

821 3094 974 96 – Il vous bourre le mou.

814 3194 1430 103 – Allons. Tout ne peut pas être faux.

819 3300 1762 98 – Non pas faux, mais utilitaire, fonctionnel...

718 3405 1865 103 (Clotaire lève la main d’un geste vague.) Crédible,

718 3513 400 98 ajoute-t-il.

706 3686 143 88 220
