<?xml version="1.0" encoding="UTF-8"?>
<alto xmlns:xsi="http://www.w3.org/2001/XMLSchema-instance"
      xmlns="http://www.loc.gov/standards/alto/ns-v4#"
      xsi:schemaLocation="http://www.loc.gov/standards/alto/ns-v4# http://www.loc.gov/standards/alto/v4/alto-4-2.xsd">
  <Description>
    <MeasurementUnit>pixel</MeasurementUnit>
    <sourceImageInformation>
      <fileName>page_00167.png</fileName>
      
    </sourceImageInformation>
  </Description>
  
  <Tags>
    <OtherTag ID="BT10605" LABEL="MainZone" DESCRIPTION="block type MainZone"/><OtherTag ID="BT10606" LABEL="NumberingZone" DESCRIPTION="block type NumberingZone"/><OtherTag ID="BT10607" LABEL="RunningTitleZone" DESCRIPTION="block type RunningTitleZone"/><OtherTag ID="BT10608" LABEL="QuireMarksZone" DESCRIPTION="block type QuireMarksZone"/><OtherTag ID="BT10609" LABEL="CustomZone" DESCRIPTION="block type CustomZone"/>
    <OtherTag ID="LT4159" LABEL="DefaultLine" DESCRIPTION="line type DefaultLine"/><OtherTag ID="LT4160" LABEL="HeadingLine" DESCRIPTION="line type HeadingLine"/><OtherTag ID="LT4161" LABEL="default" DESCRIPTION="line type default"/>
  </Tags>
  
  <Layout>
    <Page WIDTH="2977"
          HEIGHT="4210"
          PHYSICAL_IMG_NR="164"
          ID="eSc_dummypage_">
      <PrintSpace HPOS="0"
                  VPOS="0"
                  WIDTH="2977"
                  HEIGHT="4210">
        
        <TextBlock HPOS="468.11322021484375"
                   VPOS="460.6379089355469"
                   WIDTH="1969.2947387695312"
                   HEIGHT="2548.470245361328"
                   ID="block_0"
                   TAGREFS="BT10605">
          <Shape><Polygon POINTS="468.113 460.638 2437.41 460.638 2437.41 3009.11 468.113 3009.11 468.113 460.638"/></Shape>
          
          
          <TextLine ID="eSc_line_c447b306"
                    TAGREFS="LT4161"
                    BASELINE="601 561 2281 561" 
                    HPOS="601"
                    VPOS="495"
                    WIDTH="1680"
                    HEIGHT="96">
            <Shape><Polygon POINTS="601 561 601 580 1160 580 1198 591 1200 591 1202 591 1205 591 1242 580 1771 591 1774 591 2279 577 2281 561 2279 512 2202 495 2199 495 2197 495 2148 509 2146 512 1781 512 1778 507 1764 495 1762 495 1759 495 1689 495 1687 495 1685 495 1682 495 1671 507 1666 512 1451 512 1439 507 1406 495 1404 495 1401 495 1399 495 1397 495 1380 505 1378 507 1357 505 1259 495 1256 495 1254 495 1252 495 1240 505 1233 509 601 502 601 561"/></Shape>
	    <String CONTENT="La voix morose, Clotaire ne fit pas un geste."
                    HPOS="601"
                    VPOS="495"
                    WIDTH="1680"
                    HEIGHT="96"
                    WC="0.9909033179283142"></String>
          </TextLine>

          
          
          <TextLine ID="eSc_line_8a03d684"
                    TAGREFS="LT4161"
                    BASELINE="512 769 861 769" 
                    HPOS="512"
                    VPOS="708"
                    WIDTH="349"
                    HEIGHT="82">
            <Shape><Polygon POINTS="512 769 512 790 861 783 861 769 861 722 812 708 809 708 643 708 641 708 638 708 608 722 589 708 587 708 585 708 582 708 512 722 512 769"/></Shape>
	    <String CONTENT="Ça serve."
                    HPOS="512"
                    VPOS="708"
                    WIDTH="349"
                    HEIGHT="82"
                    WC="0.9970174372196198"></String>
          </TextLine>

          
          
          <TextLine ID="eSc_line_82e3b11d"
                    TAGREFS="LT4161"
                    BASELINE="618 661 2405 666" 
                    HPOS="614"
                    VPOS="603"
                    WIDTH="1790"
                    HEIGHT="95">
            <Shape><Polygon POINTS="617 659 614 677 898 698 902 698 2401 680 2404 663 2401 606 617 603 617 659"/></Shape>
	    <String CONTENT="— Il n’y a aucun panneau. A quoi veux-tu que"
                    HPOS="614"
                    VPOS="603"
                    WIDTH="1790"
                    HEIGHT="95"
                    WC="0.9812862060286782"></String>
          </TextLine>

          
          
          <TextLine ID="eSc_line_89348d77"
                    TAGREFS="LT4161"
                    BASELINE="614 870 1509 865" 
                    HPOS="607"
                    VPOS="789"
                    WIDTH="899"
                    HEIGHT="112">
            <Shape><Polygon POINTS="610 866 610 884 1425 901 1428 901 1432 901 1435 901 1435 898 1449 887 1467 901 1470 901 1474 901 1477 901 1481 901 1484 901 1506 880 1506 863 1495 796 1365 806 1337 799 1309 789 1305 789 1302 789 1298 789 1295 789 1284 799 1277 806 1270 799 1260 792 1260 789 1256 789 1253 789 1183 789 1179 789 1098 803 1060 810 1042 806 1000 789 997 789 993 789 874 810 860 810 849 810 747 789 744 789 740 789 737 789 737 792 716 813 607 813 610 866"/></Shape>
	    <String CONTENT="– Tu crois qu’il dort?"
                    HPOS="607"
                    VPOS="789"
                    WIDTH="899"
                    HEIGHT="112"
                    WC="0.9989708553661"></String>
          </TextLine>

          
          
          <TextLine ID="eSc_line_c40e60f4"
                    TAGREFS="LT4161"
                    BASELINE="599 970 2405 975" 
                    HPOS="596"
                    VPOS="902"
                    WIDTH="1809"
                    HEIGHT="101">
            <Shape><Polygon POINTS="2401 923 2394 912 2387 907 2384 907 2382 907 2380 907 2277 923 2237 907 2235 907 2232 907 2230 907 2197 923 2192 926 2169 923 1994 905 1991 905 1912 923 1900 926 1893 923 1855 907 1853 907 1851 907 1848 907 1846 907 1830 919 1605 914 1603 914 1542 923 1523 926 1514 923 1462 902 1460 902 1397 902 1394 902 1392 902 1390 902 1364 923 1362 926 1277 926 1261 923 1050 902 1048 902 1046 902 1043 902 1020 923 975 902 973 902 971 902 968 902 966 902 938 923 936 923 924 923 753 902 751 902 748 902 746 902 720 923 718 923 599 923 599 970 596 984 739 987 753 1001 755 1001 758 1001 760 1003 938 1003 938 1001 940 1001 943 1001 957 989 973 1001 975 1001 978 1001 980 1001 982 1001 1025 989 1041 1001 1043 1001 1046 1001 1048 1001 1123 989 1469 989 1504 1001 1507 1001 1509 1001 1874 991 1891 1003 1893 1003 1895 1003 1898 1003 2403 989 2405 975 2405 923 2401 923"/></Shape>
	    <String CONTENT="– Rien à foutre... Du moment qu’il se tient"
                    HPOS="596"
                    VPOS="902"
                    WIDTH="1809"
                    HEIGHT="101"
                    WC="0.9781592935323715"></String>
          </TextLine>

          
          
          <TextLine ID="eSc_line_26d01251"
                    TAGREFS="LT4161"
                    BASELINE="510 1080 912 1075" 
                    HPOS="507"
                    VPOS="1005"
                    WIDTH="405"
                    HEIGHT="105">
            <Shape><Polygon POINTS="510 1080 510 1099 706 1110 709 1110 912 1094 912 1075 908 1026 758 1005 755 1005 753 1005 664 1029 662 1029 528 1010 526 1010 524 1010 521 1010 521 1012 507 1022 510 1080"/></Shape>
	    <String CONTENT="tranquille."
                    HPOS="507"
                    VPOS="1005"
                    WIDTH="405"
                    HEIGHT="105"
                    WC="0.9941511696035211"></String>
          </TextLine>

          
          
          <TextLine ID="eSc_line_846addce"
                    TAGREFS="LT4161"
                    BASELINE="609 1180 2398 1183" 
                    HPOS="603"
                    VPOS="1101"
                    WIDTH="1794"
                    HEIGHT="102">
            <Shape><Polygon POINTS="607 1178 603 1196 2390 1203 2397 1182 2397 1126 2348 1101 2345 1101 2341 1101 2338 1101 2285 1126 2043 1126 1965 1101 1962 1101 1958 1101 1955 1101 1878 1122 1800 1101 1797 1101 1793 1101 1681 1122 1628 1101 1625 1101 1621 1101 1499 1122 1351 1122 1249 1122 1246 1122 1179 1101 1176 1101 1172 1101 1169 1101 1165 1101 1130 1122 1123 1122 1014 1101 1011 1101 1007 1101 965 1122 961 1122 944 1122 775 1101 772 1101 768 1101 765 1101 765 1105 747 1122 744 1122 607 1122 607 1178"/></Shape>
	    <String CONTENT="— Allez, Cloclo, pense à la suite: les nanas, la"
                    HPOS="603"
                    VPOS="1101"
                    WIDTH="1794"
                    HEIGHT="102"
                    WC="0.9942850117780724"></String>
          </TextLine>

          
          
          <TextLine ID="eSc_line_1c666b68"
                    TAGREFS="LT4161"
                    BASELINE="503 1288 1329 1284" 
                    HPOS="500"
                    VPOS="1213"
                    WIDTH="829"
                    HEIGHT="101">
            <Shape><Polygon POINTS="503 1288 505 1314 557 1302 683 1309 746 1314 748 1314 751 1314 753 1314 753 1312 758 1309 765 1300 952 1300 1039 1302 1310 1309 1312 1309 1315 1309 1317 1309 1329 1298 1329 1284 1322 1239 1235 1239 1231 1239 1177 1220 1174 1220 1172 1220 1078 1239 1076 1239 1074 1239 999 1213 997 1213 994 1213 936 1225 917 1213 915 1213 912 1213 910 1213 908 1213 905 1213 863 1241 800 1216 798 1216 769 1216 767 1216 765 1216 762 1216 762 1218 734 1241 568 1216 566 1216 564 1216 500 1239 503 1288"/></Shape>
	    <String CONTENT="Dlaya, la dolce vita..."
                    HPOS="500"
                    VPOS="1213"
                    WIDTH="829"
                    HEIGHT="101"
                    WC="0.9930775346963302"></String>
          </TextLine>

          
          
          <TextLine ID="eSc_line_f8d3432b"
                    TAGREFS="LT4161"
                    BASELINE="611 1386 1228 1389" 
                    HPOS="610"
                    VPOS="1326"
                    WIDTH="615"
                    HEIGHT="84">
            <Shape><Polygon POINTS="610 1385 610 1403 1221 1410 1225 1385 1225 1354 1154 1354 1126 1326 761 1326 733 1354 610 1354 610 1385"/></Shape>
	    <String CONTENT="— Connard!..."
                    HPOS="610"
                    VPOS="1326"
                    WIDTH="615"
                    HEIGHT="84"
                    WC="0.9943313415233905"></String>
          </TextLine>

          
          
          <TextLine ID="eSc_line_66681f87"
                    TAGREFS="LT4161"
                    BASELINE="603 1487 2394 1496" 
                    HPOS="601"
                    VPOS="1417"
                    WIDTH="1793"
                    HEIGHT="107">
            <Shape><Polygon POINTS="603 1487 601 1501 732 1503 748 1517 751 1517 753 1517 755 1517 1336 1508 1935 1510 1961 1524 1963 1524 1965 1524 1968 1524 1998 1513 2242 1524 2244 1524 2391 1510 2394 1496 2394 1445 2375 1433 2373 1433 2370 1433 2368 1433 2237 1447 2176 1431 2174 1431 2171 1431 2169 1431 2120 1447 2033 1433 2031 1433 2029 1433 1979 1447 1949 1424 1947 1424 1944 1424 1942 1424 1940 1424 1884 1438 1848 1422 1846 1422 1844 1422 1568 1445 1558 1445 1554 1445 1453 1419 1451 1419 1338 1419 1336 1419 1334 1419 1331 1419 1315 1431 1242 1419 1240 1419 1238 1419 1235 1419 1207 1443 1205 1443 1156 1443 917 1438 875 1417 872 1417 870 1417 809 1429 791 1417 788 1417 786 1417 784 1417 781 1417 779 1417 751 1440 748 1440 603 1440 603 1487"/></Shape>
	    <String CONTENT="– Allez, mec, fit Rémi conciliant, on va pas"
                    HPOS="601"
                    VPOS="1417"
                    WIDTH="1793"
                    HEIGHT="107"
                    WC="0.9874757316377428"></String>
          </TextLine>

          
          
          <TextLine ID="eSc_line_6f74117c"
                    TAGREFS="LT4161"
                    BASELINE="498 1597 1827 1597" 
                    HPOS="498"
                    VPOS="1527"
                    WIDTH="1329"
                    HEIGHT="86">
            <Shape><Polygon POINTS="498 1597 498 1613 1827 1613 1827 1597 1823 1527 1781 1543 1741 1527 1738 1527 1736 1527 1734 1527 1731 1527 1727 1527 1680 1543 1500 1543 1455 1531 1437 1527 1434 1527 1432 1527 1429 1527 1413 1531 1380 1543 1366 1531 1359 1527 1357 1527 1355 1527 1289 1527 1287 1527 1240 1534 1186 1543 1163 1536 1139 1527 1137 1527 1135 1527 1132 1527 1130 1527 1130 1529 1121 1536 1114 1546 1020 1546 1004 1538 978 1527 975 1527 973 1527 971 1527 933 1538 917 1546 498 1546 498 1597"/></Shape>
	    <String CONTENT="commencer à se bouffer la gueule!"
                    HPOS="498"
                    VPOS="1527"
                    WIDTH="1329"
                    HEIGHT="86"
                    WC="0.985759132048663"></String>
          </TextLine>

          
          
          <TextLine ID="eSc_line_88be4a7c"
                    TAGREFS="LT4161"
                    BASELINE="589 1700 2396 1695" 
                    HPOS="587"
                    VPOS="1634"
                    WIDTH="1809"
                    HEIGHT="96">
            <Shape><Polygon POINTS="589 1700 589 1716 1130 1716 1144 1716 1261 1730 1263 1730 1448 1716 1490 1714 1516 1716 1605 1728 1607 1728 1687 1716 1706 1714 2125 1714 2129 1716 2143 1728 2146 1728 2148 1728 2150 1728 2394 1714 2396 1695 2389 1634 587 1637 589 1700"/></Shape>
	    <String CONTENT="Le 4x4 allait dépasser un petit hameau quand"
                    HPOS="587"
                    VPOS="1634"
                    WIDTH="1809"
                    HEIGHT="96"
                    WC="0.982701924112108"></String>
          </TextLine>

          
          
          <TextLine ID="eSc_line_63be0e30"
                    TAGREFS="LT4161"
                    BASELINE="498 1805 1717 1798" 
                    HPOS="496"
                    VPOS="1730"
                    WIDTH="1221"
                    HEIGHT="106">
            <Shape><Polygon POINTS="498 1805 498 1819 765 1836 767 1836 769 1836 772 1836 772 1833 786 1821 1420 1831 1422 1831 1699 1829 1701 1829 1703 1829 1717 1814 1717 1798 1713 1749 1666 1737 1664 1737 1348 1747 1245 1749 1240 1747 1226 1733 1226 1730 1224 1730 1221 1730 1219 1730 1217 1730 1184 1747 1177 1749 1013 1747 1013 1744 999 1733 999 1730 997 1730 994 1730 992 1730 989 1730 957 1744 945 1751 732 1751 718 1744 690 1733 688 1733 685 1733 496 1742 498 1805"/></Shape>
	    <String CONTENT="Philippe se dressa brusquement."
                    HPOS="496"
                    VPOS="1730"
                    WIDTH="1221"
                    HEIGHT="106"
                    WC="0.9987259564861175"></String>
          </TextLine>

          
          
          <TextLine ID="eSc_line_94d8980d"
                    TAGREFS="LT4161"
                    BASELINE="602 1905 2387 1908" 
                    HPOS="596"
                    VPOS="1824"
                    WIDTH="1787"
                    HEIGHT="116">
            <Shape><Polygon POINTS="600 1901 596 1919 803 1940 807 1940 2380 1933 2383 1905 2383 1845 2331 1824 2327 1824 2324 1824 1976 1845 1934 1845 1909 1845 1734 1824 1730 1824 1727 1824 1723 1824 1723 1827 1706 1845 1702 1845 1635 1824 1632 1824 1628 1824 1625 1824 1621 1824 1621 1827 1604 1845 1579 1845 1418 1845 1400 1845 1288 1824 1284 1824 1281 1824 1204 1845 1200 1845 1197 1845 1179 1827 1179 1824 1176 1824 1172 1824 1081 1824 1077 1824 940 1845 926 1845 923 1845 905 1827 905 1824 902 1824 898 1824 751 1824 747 1824 744 1824 740 1824 719 1845 716 1845 600 1845 600 1901"/></Shape>
	    <String CONTENT="– Pipi... pipi, réclama-t-il d’une petite voix"
                    HPOS="596"
                    VPOS="1824"
                    WIDTH="1787"
                    HEIGHT="116"
                    WC="0.9877567303941605"></String>
          </TextLine>

          
          
          <TextLine ID="eSc_line_cf40016d"
                    TAGREFS="LT4161"
                    BASELINE="491 2011 856 2006" 
                    HPOS="489"
                    VPOS="1934"
                    WIDTH="367"
                    HEIGHT="91">
            <Shape><Polygon POINTS="491 2011 491 2025 854 2023 856 2006 854 1957 809 1941 807 1941 805 1941 802 1941 744 1955 688 1934 685 1934 683 1934 681 1934 622 1957 582 1936 580 1936 531 1936 528 1936 526 1936 524 1936 489 1955 491 2011"/></Shape>
	    <String CONTENT="d’enfant."
                    HPOS="489"
                    VPOS="1934"
                    WIDTH="367"
                    HEIGHT="91"
                    WC="0.989234122965071"></String>
          </TextLine>

          
          
          <TextLine ID="eSc_line_0381b3b9"
                    TAGREFS="LT4161"
                    BASELINE="580 2114 2391 2114" 
                    HPOS="580"
                    VPOS="2041"
                    WIDTH="1811"
                    HEIGHT="89">
            <Shape><Polygon POINTS="580 2114 580 2130 2391 2130 2391 2114 2391 2058 2354 2041 2352 2041 2349 2041 2347 2041 2286 2060 2066 2060 2022 2041 2019 2041 2017 2041 2015 2041 1965 2058 1900 2041 1898 2041 1895 2041 1832 2055 1816 2041 1813 2041 1811 2041 1809 2041 1806 2041 1767 2053 1701 2041 1699 2041 1696 2041 1652 2058 1652 2060 1537 2060 1537 2058 1516 2041 1514 2041 1511 2041 1509 2041 1507 2041 1460 2058 1458 2058 1415 2041 1413 2041 1411 2041 1327 2058 1322 2060 835 2060 833 2058 814 2041 812 2041 809 2041 807 2041 805 2041 755 2058 751 2058 746 2058 711 2041 709 2041 706 2041 704 2041 664 2053 596 2041 594 2041 592 2041 589 2041 580 2048 580 2114"/></Shape>
	    <String CONTENT="Rémi se rangea sur le bas-côté. La lune avait"
                    HPOS="580"
                    VPOS="2041"
                    WIDTH="1811"
                    HEIGHT="89"
                    WC="0.9915191481510798"></String>
          </TextLine>

          
          
          <TextLine ID="eSc_line_11617ec0"
                    TAGREFS="LT4161"
                    BASELINE="491 2217 2389 2212" 
                    HPOS="489"
                    VPOS="2147"
                    WIDTH="1900"
                    HEIGHT="95">
            <Shape><Polygon POINTS="491 2217 491 2233 2359 2242 2361 2242 2363 2242 2389 2228 2389 2212 2387 2163 2340 2147 2338 2147 2335 2147 2333 2147 2288 2161 2256 2149 2253 2149 2251 2149 2249 2149 2246 2149 2230 2163 1830 2163 1781 2147 1778 2147 1776 2147 1703 2161 1554 2147 1551 2147 1549 2147 1547 2147 1528 2163 1425 2165 1312 2165 1291 2149 1289 2149 1287 2149 1284 2149 1282 2149 1254 2163 826 2149 823 2149 821 2149 819 2149 800 2165 664 2165 521 2149 519 2149 517 2149 489 2163 491 2217"/></Shape>
	    <String CONTENT="disparu, il faisait nuit noire. Tous trois sortirent de"
                    HPOS="489"
                    VPOS="2147"
                    WIDTH="1900"
                    HEIGHT="95"
                    WC="0.981717300415039"></String>
          </TextLine>

          
          
          <TextLine ID="eSc_line_df4f7177"
                    TAGREFS="LT4161"
                    BASELINE="491 2320 2387 2320" 
                    HPOS="491"
                    VPOS="2252"
                    WIDTH="1896"
                    HEIGHT="89">
            <Shape><Polygon POINTS="491 2320 491 2341 2387 2341 2387 2320 2387 2268 2192 2268 2190 2266 2171 2252 2169 2252 2167 2252 2164 2252 2162 2252 2106 2266 2101 2266 2099 2266 2038 2252 2036 2252 1921 2266 1909 2266 1900 2266 1823 2252 1820 2252 1741 2264 1727 2268 1607 2268 1600 2264 1563 2252 1561 2252 1558 2252 1556 2252 1554 2252 1539 2264 1535 2266 1500 2264 1369 2254 1366 2254 1364 2254 1345 2264 1343 2264 1317 2252 1315 2252 1228 2252 1226 2252 1224 2252 1221 2252 1209 2264 1205 2264 1202 2264 1193 2254 1191 2254 1188 2254 1186 2254 1114 2261 1078 2266 1060 2261 1020 2252 1018 2252 898 2252 896 2252 894 2252 891 2252 879 2261 870 2266 491 2261 491 2320"/></Shape>
	    <String CONTENT="la voiture. Rémi et Clotaire traversèrent le chemin"
                    HPOS="491"
                    VPOS="2252"
                    WIDTH="1896"
                    HEIGHT="89"
                    WC="0.983147143193011"></String>
          </TextLine>

          
          
          <TextLine ID="eSc_line_f19b3abf"
                    TAGREFS="LT4161"
                    BASELINE="489 2423 1818 2418" 
                    HPOS="486"
                    VPOS="2357"
                    WIDTH="1332"
                    HEIGHT="84">
            <Shape><Polygon POINTS="489 2423 489 2441 1816 2437 1818 2418 1813 2369 1406 2357 1404 2357 1348 2369 1345 2371 1004 2371 994 2371 919 2359 917 2359 580 2371 578 2371 549 2359 547 2359 545 2359 486 2371 489 2423"/></Shape>
	    <String CONTENT="et se mirent à pisser contre un mur."
                    HPOS="486"
                    VPOS="2357"
                    WIDTH="1332"
                    HEIGHT="84"
                    WC="0.982183533745843"></String>
          </TextLine>

          
          
          <TextLine ID="eSc_line_64496307"
                    TAGREFS="LT4161"
                    BASELINE="597 2525 2380 2528" 
                    HPOS="593"
                    VPOS="2445"
                    WIDTH="1783"
                    HEIGHT="105">
            <Shape><Polygon POINTS="596 2522 593 2540 2369 2550 2376 2526 2376 2466 2331 2445 2327 2445 2324 2445 2159 2462 2113 2445 2109 2445 2106 2445 1867 2462 1685 2445 1681 2445 1555 2462 1548 2466 1411 2466 1411 2462 1393 2448 1393 2445 1390 2445 1386 2445 1383 2445 1288 2462 1284 2462 1281 2462 1232 2445 1228 2445 1225 2445 1221 2445 1172 2462 1144 2445 1140 2445 1137 2445 1133 2445 1130 2445 1081 2462 1077 2462 1074 2462 1011 2445 1007 2445 1004 2445 1000 2445 944 2462 937 2466 810 2466 807 2462 793 2448 793 2445 789 2445 786 2445 782 2445 596 2459 596 2522"/></Shape>
	    <String CONTENT="– Regarde si c’est beau! On se croirait sur la"
                    HPOS="593"
                    VPOS="2445"
                    WIDTH="1783"
                    HEIGHT="105"
                    WC="0.9839953974537228"></String>
          </TextLine>

          
          
          <TextLine ID="eSc_line_1a7f0f7c"
                    TAGREFS="LT4161"
                    BASELINE="489 2628 702 2628" 
                    HPOS="489"
                    VPOS="2561"
                    WIDTH="213"
                    HEIGHT="86">
            <Shape><Polygon POINTS="489 2628 489 2647 702 2647 702 2628 702 2584 648 2570 645 2570 643 2570 561 2575 549 2575 547 2575 533 2561 531 2561 528 2561 526 2561 489 2568 489 2628"/></Shape>
	    <String CONTENT="lune."
                    HPOS="489"
                    VPOS="2561"
                    WIDTH="213"
                    HEIGHT="86"
                    WC="0.9837396144866943"></String>
          </TextLine>

          
          
          <TextLine ID="eSc_line_76e2729b"
                    TAGREFS="LT4161"
                    BASELINE="573 2734 2382 2734" 
                    HPOS="573"
                    VPOS="2661"
                    WIDTH="1809"
                    HEIGHT="108">
            <Shape><Polygon POINTS="573 2734 573 2755 997 2755 1025 2766 1027 2766 1029 2769 1212 2769 1212 2766 1214 2766 1217 2766 1231 2755 1514 2766 1516 2766 2111 2755 2223 2766 2225 2766 2382 2752 2382 2734 2382 2680 2314 2666 2312 2666 2309 2666 2263 2678 2202 2661 2199 2661 2197 2661 2195 2661 2155 2678 1912 2666 1909 2666 1846 2678 1811 2661 1809 2661 1729 2661 1727 2661 1724 2661 1680 2678 1621 2661 1619 2661 1617 2661 1614 2661 1568 2678 1502 2661 1500 2661 1497 2661 1495 2661 1465 2678 1425 2661 1422 2661 1420 2661 1418 2661 1383 2678 1345 2661 1343 2661 1341 2661 1338 2661 1303 2673 1238 2661 1235 2661 1233 2661 1231 2661 1209 2680 1153 2680 1099 2661 1097 2661 1095 2661 1092 2661 1046 2680 889 2680 798 2661 795 2661 720 2678 685 2661 683 2661 608 2661 606 2661 603 2661 573 2675 573 2734"/></Shape>
	    <String CONTENT="Clotaire soupira, Rémi rigola. L’autre se rajusta"
                    HPOS="573"
                    VPOS="2661"
                    WIDTH="1809"
                    HEIGHT="108"
                    WC="0.9772979843616486"></String>
          </TextLine>

          
          
          <TextLine ID="eSc_line_e7cff4de"
                    TAGREFS="LT4161"
                    BASELINE="484 2837 1394 2837" 
                    HPOS="484"
                    VPOS="2771"
                    WIDTH="910"
                    HEIGHT="96">
            <Shape><Polygon POINTS="484 2837 484 2853 650 2867 652 2867 1394 2853 1394 2837 1394 2787 1294 2771 1291 2771 1289 2771 1242 2785 1207 2771 1205 2771 1202 2771 1200 2771 1151 2785 1013 2785 994 2771 992 2771 989 2771 987 2771 865 2785 798 2771 795 2771 578 2785 554 2771 552 2771 549 2771 547 2771 484 2785 484 2837"/></Shape>
	    <String CONTENT="et regarda autour de lui."
                    HPOS="484"
                    VPOS="2771"
                    WIDTH="910"
                    HEIGHT="96"
                    WC="0.983357834815979"></String>
          </TextLine>

          
          
          <TextLine ID="eSc_line_0c73c64c"
                    TAGREFS="LT4161"
                    BASELINE="613 2935 1589 2942" 
                    HPOS="610"
                    VPOS="2865"
                    WIDTH="979"
                    HEIGHT="105">
            <Shape><Polygon POINTS="613 2935 610 2949 943 2968 945 2968 1001 2956 1013 2965 1013 2968 1015 2968 1018 2968 1020 2968 1022 2968 1046 2956 1057 2968 1060 2968 1062 2968 1064 2968 1205 2956 1401 2970 1404 2970 1586 2956 1589 2942 1589 2874 1507 2869 1504 2869 1472 2874 1385 2890 1352 2876 1336 2869 1334 2869 1331 2869 1329 2869 1327 2869 1327 2872 1319 2876 1315 2881 1305 2876 1303 2874 1301 2874 1298 2874 1296 2874 1268 2876 1181 2890 1144 2890 1135 2879 1123 2869 1123 2867 1121 2867 1118 2867 1116 2867 1048 2879 1022 2867 1020 2867 1018 2867 1015 2867 1013 2867 997 2881 985 2890 788 2890 784 2883 765 2867 765 2865 762 2865 760 2865 732 2865 730 2865 727 2865 725 2865 725 2867 704 2886 702 2888 613 2888 613 2935"/></Shape>
	    <String CONTENT="– Le con! Il s’est barré!"
                    HPOS="610"
                    VPOS="2865"
                    WIDTH="979"
                    HEIGHT="105"
                    WC="0.9826259131614978"></String>
          </TextLine>

          
        </TextBlock>
        

        
      </PrintSpace>
    </Page>
  </Layout>
</alto>
