2977 4210
961 1073 1021 98 ALALUMIERE D’HIVER

617 1391 1147 87 Luna vient d’arrêter le lecteur.

624 1494 1781 96 – Beau comme une prison qui brûle, mumure¬

531 1590 990 101 t-elle. C’est ce qu’il a dit?

615 1695 1046 89 Clotaire fronce les sourcils.

627 1796 1767 103 – Ila marmonné quelque chose de ce genre...

528 1903 1877 87 Fou à lier comme il est, ce môme, on n’a pas fait

526 2006 1879 96 attention... Il fixe la psy, ajoute: On ne pouvait

528 2100 1178 107 pas penser qu’il était si malade.

683 2203 1718 100 — Vous aviez compris qu’il avait mis le feu à

526 2306 377 86 la ferme?

610 2409 604 88 Il secoue la tête

627 2514 1762 98 — Plus tard... Sur le moment, on ne s’est aper¬

519 2617 449 96 cus de rien.

603 2713 1786 91 Clotaire a encore dans la tête la voix de Phi¬

519 2818 1872 103 lippe qui lui vrille le tympan. “La tronche du

524 2918 1856 106 gustave! La tronche du gustron! Putain!" Ils

521 3026 1866 91 venaient de rejoindre un chemin départemental à

519 3127 1868 100 peine goudronné et le môme fonçait à pleins gaz

519 3239 1865 89 à travers le bocage sans se soucier des virages ni

514 3330 1868 89 de la visibilité inexistante. S’il y avait eu un

517 3440 1867 84 tracteur ou une voiture arrêtés, ils y auraient eu

514 3538 227 89 droit.

2256 3716 121 87 187
