2977 4210
613 467 1776 87 La tronche de Canard ahuri est à hurler de rire.

622 568 1767 103 – On a des papiers, il fait, transi de peur, on

524 678 578 96 peut prouver...

608 771 943 89 Et le pécore de trancher.

622 877 1760 98 — Vous vous expliquerez avec les gendarmes.

528 972 1430 101 Venez par ici... Doucement... Allez...

601 1078 1783 100 Je suis déjà loin quand mes infirmiers, la tête

510 1181 1872 103 dans les épaules, sortent de la grange. A travers

512 1281 1865 103 la découpe du pare-brise du 4x4, je les vois, tra¬

514 1386 1866 87 verser la cour de ferme, suivis du bouseux qui les

507 1487 1870 89 tient sous la menace de son fusil. J’attends qu’ils

510 1592 1870 87 soient au milieu pour mettre le contact, je lance

507 1691 1873 91 le moteur et brusquement je démarre, à fond la

507 1803 274 89 caisse.

592 1894 1783 89 Je chope mes trois lascars dans la lumière des

505 1995 1870 102 phares quand je déboule en trombe. Eblouis, ils font

503 2102 1865 94 un bond en arrière et je passe sous leur nez en les

500 2203 1023 89 éclaboussant de bouillasse.

587 2306 1783 86 Au bout de la cour, je ralentis pour mater dans

496 2409 1874 91 le rétro et, comme j’ai du mal à voir, je refais un

496 2509 1867 94 tour d’honneur. Je vais si vite qu’ils n’ont pas le

493 2610 1875 100 temps de s’écarter. Au dernier moment, je file un

496 2717 1867 94 coup de volant pour les éviter. Faut voir comme

493 2813 1868 89 ils balisent les trois enfoirés! La tête du croquant!

493 2914 1868 100 Et la touche de mes anges gardiens, donc! Leurs

498 3024 1863 93 vêtements trempés, leur visage conchié de bouse

489 3120 1865 102 et de purin. Dans ma tête je les entends d’ici pes¬

489 3227 1874 84 ter, mon négro et mon canard. Doivent penser la

486 3328 1875 96 même chose: le petit salaud nous a aspergés de

486 3428 1877 103 purin et plantés là, putain, on n’est pas dans la

489 3536 309 82 merde !

2237 3716 124 80 181
