2977 4210
561 442 1882 86 Imanqué à la parole donnée. Je venais de mettre

564 547 1879 84 le feu à une brassée de foin et je commençais à

559 645 1882 103 raconter quand Camille a dû reculer son visage que

554 748 1889 86 déjà une flamme haute éclairait. La meule s’était

557 853 1884 84 embrasée d’un seul coup. On à battu en retraite

554 954 1882 98 dans l’ombre d’une haie puis, passant par un autre

552 1059 1882 87 chemin, nous sommes rentrés à la maison en nous

552 1162 1886 96 cachant. On était presque arrivés quand on a

552 1265 1886 84 entendu le tocsin. Nous nous sommes regardés en

549 1365 1882 99 rigolant, j’ai embrassé Camille puis on a pris une

552 1466 606 87 allure naturelle.

641 1578 1786 77 Personne ne nous avait vus. Nous nous sommes

549 1672 1878 93 hâtés de traverser le jardin. Une persienne a battu,

547 1779 1877 82 des voix se sont interpellées à la maison voisine.

547 1873 1877 91 C’est le feu! Dépêche-toi... Prends l’extincteur.

545 1978 1870 108 Est-ce qu’il y a quelqu’un qui a appelé les pompiers?

629 2083 1795 87 On est rentrés chez nous et on s’est enfermés à

540 2182 1882 98 double tour. Déjà tout le village à moitié endormi

538 2289 1879 87 courait avec des seaux. Le tocsin sonnait à la volée.

540 2395 1877 84 Camille s’est mise à trembler de tout son corps.

538 2495 1879 98 La réaction, sans doute, mais j’ai dit que j’avais

535 2593 1877 106 honte d’elle, je l’ai engueulée: “Tu ne pourras jamais

535 2703 1143 96 être une vraie squaw'", j’ai dit.

620 2799 1797 103 Pour la calmer, je lui ai donné un cachet d’Upsa

526 2907 1884 86 effervescent dans un verre d’eau; puis je l’ai entraî¬

526 3003 1886 96 née dans la salle de bains et déshabillée. Douche

526 3110 1886 98 froide, douche chaude. Je lui ai ensuite passé sa

526 3218 1882 82 chemise de nuit, la rose avec un Babar dessus

585 3321 1825 91 javais moi-même mis mon pyjama à la Dalton

524 3424 1881 84 avec un numéro de forçat dessus–et on est sortis

519 3520 447 88 dans la rue.

2286 3707 108 89 197
