2977 4210
456 432 1959 96 les larmes qui me dégoulinent sur le nez et les joues.

552 325 1863 98 Le gradé a grand-peine à me maîtriser. Je sens

461 537 983 103 Je pleure à gros sanglots.

573 638 1844 105 — Je fais partie de son cheptel au curé! Y a

456 750 992 92 Jainais eu d’enlèvement!

547 856 1870 98 Une connerie de plus! J’aurais dû écouter ma

458 968 1957 98 prand-mère et tourner ma langue sept fois dans

451 1073 1966 98 lllà bouche. Le gendarme ouvre des yeux ronds et

454 1183 725 98 me serre plus fort.

578 1284 1825 105 — C'est quoi cette histoire d’enlèvement?...

456 1398 1435 98 Qu’est-ce qu’il raconte, ce gosse?...

540 1503 1872 101 Il s’adresse à Boule de neige qui continue à

451 1606 1397 92 souiller dans et autour de la voiture.

578 1719 1409 102 — Et toujours pas de papiers, hein?

538 1826 1870 98 Le nègre fait non de la tête. A ce moment, je me

449 1929 1963 91 libère de l’étreinte du gendarme en lui balançant

447 2041 1958 99 1n coup de pied dans les tibias, et je cours vers la

447 2147 800 88 Cherokee en criant:

613 2250 1261 105 — C’est moi qui les ai planqués!

531 2359 1870 89 Je me mets à chercher frénétiquement dans les

444 2472 1959 96 boîtes à cigares répandues et pousse un cri de

442 2579 400 101 triomphe.

589 2673 962 105 — Les voilà ! Les voilà !

526 2790 1875 103 Je rapporte la grosse enveloppe où j’ai remisé

442 2890 1956 110 paperasses, les fafs du 4x4, l’adresse du curé, et le

437 3005 1957 103 reste. Le guignol prend les papiers, les reluque,

437 3110 1961 98 hoche la tête et s’adresse à Fromage blanc. Je me

437 3220 1957 89 marre: ce con, il le prend sans doute pour le chef.

535 3328 1856 98 — On va vérifier tout ça... Je vois que la voi¬

432 3433 1962 103 ture n’est pas à votre nom... Elle est peut-être

439 3543 1948 103 volée... En tout cas, le gamin n’a pas de papiers...

2260 3725 138 89 241
