2977 4210
521 467 1880 96 Inoi. On ne voit pas ses yeux. Heureuscment, quiainl

519 573 1664 95 On est comme ça, entre mecs, on pleure pas...

603 671 1786 98 Enfin, on peut le penser. Parce que la realite

519 778 1879 94 C’est toujours autre chose. Quand le car cntre dan»

517 877 1872 102 le village, je profite de l’agitation des ploucs et ede

519 982 1842 98 la bousculade pour le mater de plus près, le blanc

519 1087 1870 84 bcc. Je l’aurais parié. Son visage est tout bouleverse.

517 1185 1870 103 Derrière ses lunettes noires, il pleure, cette lopette.

601 1494 398 91 Painclain.

594 1602 1795 96 Une cinquantaine de maisons, groupées autour

503 1698 1884 102 de la place du marché et de l’église; le champ des

505 1807 1884 87 Imorts qui l’entoure, dalles de granit et herbe rase

503 1908 1884 87 comme dans un cimetière anglais; des cheminées

500 2011 1882 98 qui fument; et une grande colline molle, bocage

503 2116 1734 101 ct pâturages, qui s’étend derrière les bicoques.

587 2217 1793 93 Les pécores descendent. Pour faire bonne figure,

498 2322 1884 94 mes anges gardiens soulèvent mes valises, ben,

503 2425 1877 93 Voyons!, et se dirigent à leur tour vers l’avant du car.

585 2521 639 105 Je fais la gueule.

613 2626 1764 101 — Vous avez vu ce bled? je dis... Et la gueule

493 2734 1877 96 des gonzesses!... Vous allez pas m’enterrer ici!

575 2839 1805 98 Il y a justement deux bonnes femmes qui passent

491 2942 1882 96 ct je leur tire la langue en imitant avec la bouche

489 3042 683 96 des bruits de pets.

573 3145 1350 89 Cul noir m’attrape de sa main libre.

589 3248 1781 98 — Tu peux pas arrêter de faire le con ? On

482 3353 1256 87 drrive ! Alors, on se calme, hein!

568 3456 1798 87 Les autres voyageurs finissent de descendre.

482 3559 1884 96 On arrive à l’avant du car. Aux abords du marché,

2235 3749 138 79 255
