2977 4210
603 472 1777 98 Dans la voiture, Philippe nous a tapé sur les

507 570 1870 89 épaules en éclatant de rire. Consternés et essouf¬

512 673 1863 91 slés nous nous regardions, ne sachant que faire.

657 778 1720 99 Vous avez vu un peu, ces connards! Ce genre de

505 879 1865 98 mecs, moi je les tue! Il m’a pris par le cou, conti¬

503 977 1870 98 nuant d’un débit précipité: Dis donc, être black,

505 1082 1868 92 ça doit être une foutue galère, des fois, non? Ah, les

498 1181 1875 89 connards ! Il s’est tourné vers Rémi; Toi, dans le

505 1286 1868 100 genre dégonflé, chapeau! Tout ce que tu as trouvé

503 1389 1870 86 à faire, c’est foutre le camp... Et leur laisser du fric

496 1485 1867 103 en plus! Bravo, le dur! Bravo!... C’est plus coura¬

503 1592 1858 99 geux de cogner sur les mômes! Hein?... Clotaire,

498 1695 1669 84 lui, c’est mon frère! Lui, c’est un mec bien!

580 1796 1786 93 Rémi a eu un regard exaspéré vers moi et s’est

491 1894 1870 103 retourné vers Philippe. “Tu voulais quoi? Qu’on se

496 1999 1863 94 fasse éclater la tête? Tu as vu combien ils étaient,

491 2100 1868 89 abruti? Tu voulais qu’ils nous lynchent? Puis il

491 2205 1865 101 S’en est pris à moi: Fais-le taire, ce con, parce qu’il

489 2303 1860 89 m’énerve maintenant! Si je l’entends encore brail¬

489 2406 1053 98 ler, je le fais roupiller, moi!

575 2507 1774 103 J’ai essayé de calmer le jeu. “Bon, ça suffit, tous

486 2610 1861 93 les deux! Rémi, tu te calmes aussi, hein? Ou moi,

486 2713 1863 105 je vous plante là et je rentre en stop, merde! Quant

484 2811 1856 107 à toi, Philippe, tu t’arrêtes de gueuler, tu t’allonges

482 2918 751 99 ct tu dors, compris!

568 3019 1777 96 Rémi a eu un regard de haine vers moi mais il

486 3122 1852 86 S’est tu. Philippe, ravi, à mis de l’huile sur le feu.

514 3222 1817 101 Ah ça, pour frapper sur les mômes de douze ans,

484 3323 1816 91 il est costaud, le dur ! Ca, il sait faire! Ah ça, oui!

564 3428 1767 94 Je me suis retourné sur mon siège et me suis

484 3531 1844 105 penché vers Philippe qui s’excitait de plus en plus.

2209 3707 122 86 169
