2977 4210
594 458 1982 89 qui les attendait de pied feme. À peine avaient-ils eu

592 566 1991 98 le temps de descendre de voiture qu’elle a ouvert

592 671 1994 91 la porte du hall et s’est avancée vers eux, de fort

587 781 761 89 méchante humeur.

685 888 1894 103 A présent la psy peut faire le raccord. Elle se

589 1001 1990 88 souvient avoir entendu Rémi l’excuser à mi-voix

585 1106 1989 103 auprès de son compère. “Toute la journée avec ces

589 1218 1990 101 putains de déviants, faut comprendre: le soir, elle est

585 1323 1984 103 en pleine dérive.“ Aussitôt, elle est tombée sur lui.

737 1431 1008 105 “Tu sais l’heure qu’il est ?“

777 1541 1797 107 —Tu vois, a répondu Rémi en prenant son

582 1651 1987 105 copain à témoin... Je te présente Clotaire, père de

585 1756 1982 105 Dagobert, mon copilote... Et voici Luna Murcia¬

587 1866 1151 93 Phœbus, le délice de ma vie.

723 1978 1849 101 — Tu ne comptes quand même pas faire ce

585 2083 1987 103 voyage avec ce tas de ferraille!“ a-t-elle dit en

580 2196 1994 91 contemplant sans aménité le bas de caisse rouillé

578 2296 690 106 de la Coccinelle.

734 2409 1835 107 “Tu rigoles? On va te le bichonner, ton gamin.

578 2518 1991 108 Clotaire est sur un coup super. Un collègue qui lui

582 2624 1358 110 prête sa limousine. Hein, Cloclo?“

671 2738 1901 106 Luna a noté la surprise de l’Antillais qui n’a pas

573 2848 1999 108 eu le temps de réagir puis, sans attendre le signe

575 2954 2001 100 de Rémi, il est descendu, basculant la banquette

580 3070 1996 103 avant pour s’engouffrer à l’arrière. Elle à eu un

578 3176 1996 107 bref hochement avant de s’installer à la place qu’il

582 3290 1065 94 lui offrait avec diplomatie.

718 3396 1854 112 “Rémi vous a expliqué ? Je parie qu’il ne vous

580 3510 1985 105 a rien dit, hein?” Elle s’est retournée pour dévisa¬

587 3615 1982 110 ger Clotaire. “C’est bien ce que je pensais... C’est

579 3715 512 102 un monde!”

580 3908 150 93 102
