2977 4210
503 582 1954 89 Sur le mot) c’est dans mon caractère, vous com¬

671 472 1791 98 — J’essaie, mais c’est dans mon... (elle hésite

503 685 1959 107 Drenez. Il faut faire avec... Je vous propose de

503 804 732 87 boire au caractère.

608 900 983 103 — Jai déjà entendu ça ?

601 1003 1858 107 — Oui, dans son film Confidential Report,

503 1113 1956 105 Orson Welles, alias M. Arkadin, propose de boire

503 1225 1956 101 au caractère... Vous rappelez-vous la fable du

505 1335 412 98 scorpion?

592 1438 1865 103 Il ne s’en souvient que vaguement; elle doit lui

500 1546 848 91 rafraîchir la mémoire

589 1644 267 98 Il dit:

620 1758 1837 103 – Si je vous comprends bien, vous, moi et Rémi

498 1866 1954 108 on serait des grenouilles et Philippe un scorpion.

667 1974 1118 107 — Quelque chose de ce style.

589 2083 972 101 Il la dévisage, continue:

627 2191 1825 98 – Il n’y peut rien, ce putain de môme: même

498 2301 1957 98 au risque de se flanquer en l’air, il est contraint de

493 2409 1962 100 luer ceux qui le portent.. Au fond, c’est peut-être

496 2511 664 101 ce qu’il cherche.

582 2626 1032 96 Luna acquiesce et ajoute:

601 2724 1854 106 — On est chacun à la fois la grenouille et le

498 2839 1580 100 scorpion de l’autre, vous ne croyez pas?

615 2944 1084 101 — Faites pas chier, merde!

589 3045 1863 105 — D’accord, fait-elle en bâillant. De toute façon,

493 3159 1421 89 tous les deux, on meurt de sommeil.

690 3265 1765 107 C’est pas ça! Vous ne préférez pas plutôt

489 3372 657 91 ecouter la suite?
