2977 4210
643 507 1798 91 Elle fait le geste de retirer l’assiette de l’un des

554 615 1889 103 pepés. Il se cramponne à sa gamelle et se met à

547 718 1889 86 1anger gloutonnement. L’autre déchetoque l’imite.

554 818 1882 87 Victor suit. Quand ils ont fini, ils sont honteux et se

542 926 1894 84 egàrdent en silence. La patronne a mis en marche

540 1024 1889 93 ln télé. Les deux vieux birbes se retournent vers

540 1127 1884 100 l’écran. Le garçon se lève. La fermière le regarde

533 1225 1058 101 ctonnée: “Eh bien, Victor?

650 1330 646 99 — Je vais au lit.

622 1433 1793 101 Il ripe ses gaules mais, au lieu d’aller vers l’échelle

524 1538 1886 99 qui mêne à son grenier, il se dirige vers la remise

526 1651 1879 77 Où sont empilés des sacs de bouffe pour les veaux.

538 1747 1870 82 VOüs savez, ces granulés faits avec des os et de la

521 1850 1887 93 bidoche avariée qu’on leur donne à manger à la

519 1943 1877 112 place de l’herbe, paraît que ça fait plus vite du bif¬

514 2051 1880 112 teck. Il ouvre un sac et, prenant la mixture à pleines

517 2151 1874 106 poignées, se met à bâfrer. Faut pas être dégoûté

510 2254 1877 101 Imais il est en pleine période de croissance, le Vic¬

510 2364 1879 96 tor. Après ça, faut pas s’étonner que la poudre de

512 2460 1397 89 Vache folle fasse des renards enragés.

592 2561 1790 93 Soudain, il entend la voix de la patronne: “Enfant

503 2666 1832 98 de ta mère! J’vas core t’apprendre à me voler!

585 2769 1788 89 Elle le prend par le cou et lui enfonce la tête

498 2869 1868 92 dans le sac. Victor étouffe, se débat, mais la fer¬

496 2972 1863 94 mière est balèze et le maintient solidement. Fina¬

496 3077 1867 92 lement, à force de ruer des quatre fers, il réussit à

498 3183 1430 86 flanquer la taulière cul par-dessus tête.

617 3281 1732 98 Au secours! A l’assassin!’"elle braille tandis

491 3389 988 95 qu’il se sauve dans la nuit.

571 3487 1774 100 Arrivé au campement, les Indiens décident de

489 3592 1851 108 l’aider et lui proposent de rester avec eux. Victor

2214 3772 117 84 193
