2977 4210
500 472 1941 86 tiut et ajouté votre numéro perso. Vous avez dit de

645 360 1784 105 — Vous m’avez rappelé le téléphone de l’insti¬

498 577 1936 89 Ile pas hésiter à vous déranger, même tard. Vous

500 687 1936 98 comptiez sur moi. Pourquoi? Pour me parler de

505 790 1322 101 votre jules ou me parler d’amour?

599 888 1062 106 – Vous avez bu, dit Luna.

624 1005 801 94 — Je ne bois jamais.

582 1106 1213 103 Clotaire répète d’un ton entêté.

610 1216 719 98 — Pourquoi moi?

650 1323 616 94 — Avotre avis7

580 1422 463 105 Un silence.

613 1534 1811 98 – Je vous avais confié une tâche, Clotaire.

496 1644 912 89 AVous comme à Rémi.

655 1742 632 108 — Vous rigolez?

587 1854 805 101 — Absolument pas.

592 1964 1830 96 – Vous êtes comme toutes les métisses, vous

486 2072 1938 98 l1 avez pas le courage de dire ce que vous voulez.

645 2179 1267 94 — Je vous croyais moins stupide.

573 2282 1018 101 Il se dresse, le poing levé.

587 2388 1832 105 – Qu’attendez-vous pour me frapper? Peut¬

482 2497 573 85 ctre me violer.

664 2600 1629 103 Salope ! C’est ça dont tu as envie, hein?

566 2703 452 94 Elle sourit.

601 2816 1821 100 – Ça serait intéressant... A condition que j’aie

475 2925 578 92 cnvie de vous.

568 3028 1290 89 Il recule vers la porte, murmure :

594 3136 1828 98 — Je ne sais ce que je suis venu faire ici. Je

477 3244 1938 88 vous fais peur, c’est ça? Mon amour vous fait peur.

477 3344 1933 110 Trop de risque. Le risque, la peur, bientôt la des¬

470 3459 351 93 truction.

578 3559 1617 103 – Je ne veux pas vous détruire, Clotaire.

2284 3744 143 91 223
