2977 4210
652 442 1920 109 pas, mais il est le seul à le savoir... Ca me file une

648 558 1924 103 méga-sensation de bonheur et de paix, mais ce

645 666 1690 108 fumier de Fromage blanc rompt le charme.

823 781 1037 100 —On y sera aux aurores...

734 891 1831 110 Sa voix est joyeuse, presque rigolarde. Il braille:

798 1001 1762 105 — Après, week-end d’enfer à la mer... Tu sais,

638 1113 1927 105 c’est l’époque où les Rosbifs radinent. Dinard, mon

638 1225 1924 108 pote, c'est presque une colonie de la Couronne, ça

638 1328 1922 112 grouille de petites Anglaises. J’te dis pas la bordée!

741 1440 1817 103 – Dinard, c’est pas plus au nord? fait Clotaire.

753 1550 1802 105 — Et alors ? La morue ça vient toujours du

629 1660 468 91 nord, non?

720 1765 1835 106 Content de sa vanne à la con, Fromage blanc

631 1873 424 96 S’esclaffe.

762 1981 1784 107 — Les Anglais débarquent! Sus à la perfide

629 2088 353 96 Albion!

718 2196 1837 96 Enfoiré ! Moi, les roast beefs, j’adore. Je n’en

629 2306 990 112 peux plus. Bang! Bang!

821 2413 807 105 Salopards! je crie.

716 2521 1835 105 Et bang et rebang! Des pieds et des mains, je

620 2628 1931 106 frappe la tôle comme un malade. Boule de neige

617 2736 1931 103 est tellement surpris qu’il lâche le volant et la ba¬

622 2844 1933 114 gnole fait une embardée. J’ai l’impression qu’on va

624 2961 1924 86 verser mais ce putain de négro est tout sauf man¬

617 3061 1934 94 chot. Le salaud arrive à redresser le 4x4. Je vois

620 3173 1933 103 rouge, je martèle de toutes mes forces le plafond

620 3279 618 100 et les portières.

716 3389 1837 102 Boule de neige ralentit, met son clignotant et

624 3498 1920 101 se dirige vers une aire de parking qui se présente.

622 3601 1919 106 Je n’ai pas cessé de taper et je cogne de plus belle.

624 3707 1922 107 Mes gardiens descendent, ouvrent la portière et

627 3894 135 84 150
