2977 4210
559 577 1877 98 mais elle le remarque à peine. Elle le connaît, son

657 474 1779 92 Puis elle regarde ses ongles. Le vernis s’écaille,

559 678 1598 103 Philippe, et elle imagine très bien la scène.

688 783 1743 101 – Je croyais que vous aviez rangé le véhicule,

557 879 313 93 dit-elle.

645 989 1784 98 Son visage s’est empreint d’une fausse candeur

552 1092 1449 98 qu’aurait pu afficher son jeune patient.

650 1192 1777 99 – Ce petit vicieux s’est arrangé pour nous le

547 1293 1875 105 cacher, dit Clotaire qui, après un silence, reprend

547 1400 297 82 le récit.

659 1700 1756 89 ¡"Je boirais bien un Coca, moi, pas vous ?" Tout

531 1805 1879 98 en jouant avec son arme invisible, Philippe avait

531 1903 1870 101 dit ça d’un ton de voix paisible, anodin, et il sou¬

528 2009 1875 100 riait à Rémi qui faisait tout ce qu’il pouvait pour

528 2112 1870 95 se contenir. “C’est pas une mauvaise idée, mais

526 2219 1872 91 On est en pleine cambrousse... Ca va pas être

524 2315 1870 87 facile de trouver un bistrot ouvert. Il est dix heures

526 2418 1458 103 passées, et les ploucs ça se couche tôt.

608 2523 1786 96 Rémi est revenu au volant, j’ai retrouvé mon

519 2624 1870 86 Siège et, aussitôt, le môme nous a passé ses bras

521 2727 1866 84 autour du cou. “Pardon les mecs. Vous êtes mes

514 2825 1870 98 potes, vous m’avez sauvé la vie... Je l’oublierai

514 2937 293 91 Jamais.

599 3031 1783 86 Il semblait en proie à une vive émotion. Rémi

505 3134 1870 98 m’a regardé. Est-ce que ce petit saligaud se fou¬

507 3237 1873 84 tait encore de notre gueule? On n’en était même

505 3339 1872 99 pas surs. On se rendait compte qu’on ne pouvait

500 3445 1873 82 rien faire pour lui. On se retrouvait comme deux

498 3541 1875 88 cons au milieu de nulle part... Crevés, tendus et

2246 3730 129 77 165
