2977 4210
739 472 1872 96 gonzesses! Vous niquez les flics, maintenant!

739 573 1526 86 J’avais raison, vous êtes bien des pédés!

819 678 1799 86 Brusquement, Rémi a sorti de son blouson un

732 778 1884 87 couteau à cran d’arrêt et en a fait jaillir la lame

730 881 1881 98 sous le nez du gamin médusé. “Tu me connais pas

727 987 1887 93 encore! Encore un mot, une connerie, un pet,

727 1087 1882 103 n’importe quoi et je te pique!... Et on te largue

732 1190 1563 84 dans un fossé, saigné comme un cochon!

821 1288 1797 103 J’étais aussi abasourdi que Philippe qui s’était

727 1396 1884 89 rencogné sur son siège. Lentement, très lentement,

727 1494 1884 91 Rémi a ramené son bras et rangé le couteau dans

730 1597 1884 98 sa poche. Replié sur lui-même, le môme grognait

727 1698 1882 98 des choses indistinctes où il était question d’incen¬

727 1807 1882 94 die et de supernovæ: on pouvait toujours rouler,

730 1908 1877 96 lui il s’en foutait des pays traversés, c’était le pays

727 2009 1884 88 de sa mère qu’il voulait rejoindre, il était en route

737 2109 650 89 vers les étoiles...

814 2207 1802 94 Je n’ai rien dit. Rémi a démarré et le 4x4 s’est

730 2317 1350 101 enfoncé au plus profond du bocage.

816 2416 1798 100 J’avais repris la carte. A la lumière de la lampe

727 2523 1889 84 de poche, j’ai suivi la route avec mon index. De

732 2628 1882 94 temps en temps, je donnais à Rémi d’une voix neutre

730 2729 1013 84 les indications nécessaires.

816 2825 1793 96 Il n’y avait rien d’autre à faire, il était hors d’at¬

732 2937 250 87 teinte.
