2977 4210
596 385 1261 99 — Tu vas la fermer un peu, dis?

592 495 1823 99 Le troufion a posé la main sur la poignée de la

500 594 1908 102 portière. Je surprends sur lui le regard de Boule de

500 699 1912 98 neige. Il devait se demander si le soldat allait

498 802 1910 84 Sortir de notre histoire, sauter en marche de cette

500 902 880 96 caisse remplie de fous.

587 998 871 89 Il tente une diversion:

596 1091 1233 98 — T’es à combien de la quille?

596 1199 1807 106 – Cent un au jus, répond le militaire qui semble

498 1302 473 89 Se détendre.

585 1398 1816 112 Je sifflote en regardant exprès de l’autre côté, et

493 1508 1898 98 je me mets brusquement à beugler, enthousiaste:

596 1609 1800 100 — Quand je vous disais, les mecs, qu’on ne

489 1707 784 98 nous oublierait pas!

578 1807 1813 101 En contrebas, deux virages en épingle à che¬

493 1908 1903 101 veux précèdent le croisement dangereux. Là, en

486 2011 1903 89 embuscade, un panier à salade de la gendarmerie.

578 2109 1813 105 Fromage blanc panique. D’une voix égarée, il

486 2212 1905 101 Ordonne à Boule de neige de mettre sa ceinture. Je

489 2313 781 89 hurle de rire. Je dis:

586 2403 1039 101 – Cette fois, on est bons!

573 2516 1414 101 Et pour les exciter davantage je crie:

641 2617 777 84 — Mort aux Vaches !

568 2715 1821 103 Je joue les hommes, je glisse au soldat devenu

484 2825 1905 82 livide que nous sommes des tueurs de flic et lui

484 2921 924 93 Ordonne de se tenir prêt.

594 3019 1797 101 — Paulo, sors ton flingue, ils ne nous auront

484 3129 487 91 pas vivants!

566 3218 1814 103 Un petit chemin raviné se présente, côté colline.

479 3321 1894 103 Fromage blanc braque à mort, enclenche le crabo¬

484 3426 1264 103 tage et s’engage dans la caillasse.

566 3520 339 107 J’exulte.

2242 3707 138 98 237
