2977 4210
608 413 1730 108 "Philippe! hurla Clotaire. Philippe! Reste où

503 523 540 96 tu es, j’arrive !

582 622 1756 86 Sa voix se perdait dans le chuintement des

500 722 1838 108 pneus et les gifles de la bourrasque. Quelques

500 839 1838 89 bribes en parvinrent cependant au garnement qui

498 930 1840 89 lui adressa un bras d’honneur avant de traverser

498 1031 1844 89 l’autre bras de l’autoroute. L’Antillais sprinta et

496 1136 1842 91 le rattrapa au milieu de la chaussée avec une seule

496 1244 1839 86 enVie: cogner, tabasser, massacrer. Il réussit à se

498 1365 325 68 contenir.

573 1445 1765 103 De loin, Rémi observait la scène en s’efforçant

496 1553 1837 86 de baratiner les employés de la station-service. Il se

496 1653 1832 101 disait que ce n’était sans doute pas facile non plus

498 1761 1833 86 à Clotaire de raisonner le moutard avec ces connes

496 1864 1837 86 de bagnoles qui klaxonnaient à tout berzingue en

493 1959 1838 103 lui éclaboussant la gueule. Il vit l’Antillais qui tenait

493 2065 1828 103 toujours Philippe par le bras entreprendre de retra¬

496 2170 1825 98 verser l’autoroute. Ils manquèrent de peu, tous les

491 2275 1826 87 deux, de se faire écraser et ce fut miracle s’ils par¬

496 2378 667 96 Vinrent à bon port.

561 2474 1756 94 Clotaire fit tout de suite monter le gamin à l’ar¬

484 2582 1837 103 rnère du 4x4. Il grimpa à l’avant, lança le démarreur

479 2685 1833 100 et fit vrombir le moteur de la Cherokee. Regar¬

479 2787 1833 94 dant en direction de la boutique, il vit Rémi inter¬

482 2900 1830 98 rompre brusquement les palabres avec le gros.

477 2996 1832 103 L’Antillais n’avait pas besoin d’en faire davan¬

477 3108 1840 103 tage. Rémi feinta, passa par-dessus le tourniquet

475 3213 1837 101 et se rua hors de la boutique. Clotaire embraya

475 3323 1830 91 doucement et cueillit son ami qui arrivait en courant,

477 3431 1828 105 plantant sur place le préposé et les pompistes qui

477 3536 512 93 le talonnaient.

2185 3714 124 89 145
