2977 4210
524 570 1858 105 bume aux yeux terrifiés de c’tuy-la, c’était le pavil¬

524 682 1860 89 lon des pirates, la sinistre oriflamme de ceux qui

524 785 1018 89 ont fait le choix de la mort.

610 898 1772 86 La patron eut beau regarder. Personne ni rien ne

524 996 1856 91 bougeait. Beurdouille, mon Francois ! Un bateau

521 1108 1859 94 fantôme avec rien ni personne à rescaper A croire

528 1209 1845 100 qu’ils s’étaient tous garrochés par-dessus bord, les

526 1314 368 98 bougres!

615 1415 1751 114 Il ouvrit le capot et se pencha au-dessus de l’habi¬

528 1520 220 98 tacle.

655 1616 863 100 — Ho! Yvon! Monte!

621 1715 1222 109 – Qu’est-ce qui se passe, boss?

662 1819 674 101 — Monte, j’te dis.

631 1920 986 107 — Quelle heure qu’il est?

690 2025 1177 98 — Allez, monte, Yvon à Pierrot!

615 2130 1744 96 Le fils du grand Pierrot montra son nez au ras

533 2233 318 98 du pont.

614 2319 734 108 – Pourquoi faire?

641 2427 1320 101 — J'te dis : Monte, grand niaiseux!

1425 2720 42 65 X

528 2930 1819 98 Quelques minutes plus tard, La Jarnigoine abor¬

531 3031 1823 86 dait la Sainte-Pélagie. Le patron du chalutier laissa

533 3134 1819 86 trois matelots à son bord et, flanqué de son second,

533 3232 763 96 grimpa sur le voilier.

615 3330 1732 98 Une odeur de choux pourris empestait la cui¬

533 3435 1821 92 sine où une vague odeur de gaz flottait encore. La

531 3529 1816 84 soupe avait éteint la cuisinière en débordant de la

528 3627 1812 89 marmite. La bonbonne était vide. Les deux hommes
