2977 4210
734 551 1826 92 Le son de la voix de Rémi avait paru incongru

826 432 269 94 — Non.

638 650 799 93 dans tout ce silence.

795 748 1763 103 — Finalement, le gamin c’était drôlement bien.

730 856 685 88 Clotaire a ricané.

737 958 1818 101 — Ouais... Un fou sous la main, ça chasse

643 1059 433 108 l’angoisse.

730 1169 1823 89 Ces mots, il ne les aurait jamais dits au début de

641 1274 1912 98 leur équipée; ces mots, seul Rémi aurait pu les

638 1377 1915 103 prononcer. Troublé, il a voulu mettre une cassette

638 1480 1920 91 dans le lecteur, mais l’autre la lui a arrachée. C’était

638 1583 1915 93 la cassette des Stones. Rémi l’a balancée sans rien

636 1688 1919 98 dire. Clotaire n’a rien dit non plus. Un camion l’a

641 1793 1385 101 probablement écrasée sur le bitume.

727 1894 1826 91 Le lendemain, Clotaire a racheté la même à la

638 2002 1910 91 FNAC et il l’a envoyée au môme. Sans lettre ni rien.

641 2107 1217 89 Surtout sans mettre d’adresse...

730 2210 1821 89 Philippe, c’était derrière eux, entre la mer et son

641 2315 1910 91 malheur, entre la terre et les étoiles... Pour Rémi

641 2420 1154 89 et Clotaire, c’était tout droit...

732 2731 1814 106 La première semaine, Philippe s’était occupé

641 2839 976 93 des abeilles avec passion.

732 2942 974 86 La deuxième il s’ennuya.

730 3042 1816 94 La troisième, il pendit le chien et tenta de violer

643 3150 595 96 la gouvernante.

730 3251 1818 93 Ensuite, il y eut une zone de flou. Clotaire savait

638 3358 1899 103 seulement qu’il avait disparu au cours d’une tem¬

641 3459 929 107 pête au large du Canada.

730 3564 1528 91 Pour lui l’histoire du môme s’arrêtait là.
