2977 4210
980 537 1655 87 Dans les jours qui ont suivi, l’institution Vert-

894 638 1738 96 Paradis a reçu une lettre et, par le même courier,

896 736 1739 84 un colis soigneusement ficelé et scotché. Les deux

896 834 1739 87 objets, affranchis de timbres canadiens estampillés

896 930 1736 96 par la poste du Havre-Aubert, lui étaient adressés

894 1038 372 91 en propre.

1055 1125 1570 98 — Tenez, mam'zelle Luna. Ça vient d’arriver.

975 1220 1655 92 La Phine, la femme à tout faire de l’institution,

901 1326 1729 91 venait de poser le paquet devant elle et, curieuse

894 1419 1729 91 de savoir ce que celui-ci renfermait, restait sur le

896 1515 533 94 pas de la porte.

989 1611 1632 80 — Vous en avez de la chance d’avoir tant d’admi¬

894 1709 301 80 rateurs !

975 1798 1646 96 Luna Murcia-Phœbus hausse les épaules que

891 1896 1730 96 découvre la légère blouse qui met en valeur ses

894 1992 1724 96 bras dorés et suggère la courbe légère de ses seins.

891 2083 1720 99 C’est une belle chabine, métisse antillaise aux che¬

896 2203 1720 65 Veux sombres tirant sur le roux, dont les yeux verts

891 2278 1720 86 Sont limpides comme de l’eau de source. Une obsi¬

884 2376 1730 91 dienne sertie dans une bague orne son annulaire

884 2469 1732 92 droit. Elle porte des bracelets d’or qui cliquettent

887 2568 1729 79 au moindre mouvement, fume un bidi et se tient

884 2659 1727 84 derière sa table de travail encombrée d’éléments

882 2752 1727 96 de Lego, de découpes de puzzle en bois peint à la

879 2848 1580 87 main, de cubes multicolores et de feutres fluo.

968 2944 1636 91 – Ma pauvre, je ne voudrais pas vous déce¬

879 3035 1723 99 voir... (La psy dit ça comme sans y penser.) Mais

877 3136 567 77 si vous saviez...

950 3220 1652 89 Auréolée d’une légère buée bleue, elle retourne

868 3318 1729 89 le paquet: le nom de l’expéditeur est illisible. Mais

865 3412 511 91 déjà, elle sait..

854 3578 96 96 22
