2977 4210
475 325 1256 96 Clotaire obéit en ronchonnant.

521 439 1873 110 — Tu me fais tellement chier que je me suis

381 558 2010 108 remis à fumer. Ce sera ta faute si je me chope un

383 673 2008 101 cancer. Ton Pierre-Henry, bien sûr, il n’a jamais été

383 799 506 96 au courant?

493 905 1440 110 — Pierre-Henry, c'est un bon pote.

554 1024 1554 108 —C'est pour ça que tu tires sa femme!

496 1136 1888 108 — Tu comprends rien... D’abord, cette nana,

383 1253 2004 108 c’est une bombe sexuelle. Et moi, rien que l’idée

388 1372 1875 94 de la vie pavillonnaire, ça m’exacerbe les sens.

472 1478 1905 100 Ils firent la route et franchirent la grille du Vert¬

388 1592 1987 113 Paradis sans qu’un mot soit dit. Un léger brouil¬

390 1714 1987 105 lard flottait dans le parc qui paraissait endormi.

388 1826 1987 105 On n’entendait que le léger bruit des pneus sur le

393 1938 1982 108 gravillon. Tout paraissait plongé dans un cocon

386 2046 1984 110 ouaté, feutré, inhabité. Ce ne fut que lorsque le 4x4

390 2165 1980 106 s’arrêta devant le perron qu’ils aperçurent, par une

386 2273 1984 96 trouée dans les arbres, une étendue herbue où, en

386 2388 1982 105 compagnie d’un moniteur en survêtement fluo, un

390 2497 1980 108 groupe d’enfants se lançaient un ballon de main

386 2612 1425 98 en main dans un surprenant silence.

470 2717 1900 110 Le grand hall était presque désert. Un enfant

383 2839 1980 89 était assis sur une chaise, les mains sur les genoux.

381 2944 1982 108 On ne voyait pas son visage. La tête penchée en

381 3052 1978 103 avant, il fixait le vide entre ses pieds. Un autre,

381 3166 1973 106 accroupi un peu plus loin sur le carrelage, transva¬

381 3269 1978 99 sait de l’eau dans différents récipients. Il gardait le

376 3379 1985 110 nez sur le liquide qu’il versait, ne se lassait pas de

379 3489 1977 94 le regarder couler. Un autre se dandinait sur place

379 3601 1980 89 en tournant sur lui-même, poursuivant le même

376 3704 1978 108 mouvement rythmique, toc toc, toc, de se frapper

2225 3889 136 101 115
