2977 4210
552 442 1783 100 Philippe pivota et, appuyant son index droit sur

461 537 1870 89 la peau de sa joue, lui montra le blanc de son œil.

551 627 1769 113 – Il s’agit de quoi? Vos plans, je les connais...

545 736 1781 94 Il bondit soudain sur elle, lui arracha les pastels

456 839 1580 98 des mains et les balança à travers la pièce.

559 935 1280 108 — D’abord, pourquoi je suis ici?

551 1034 603 95 — À ton avis?

538 1141 1790 100 Luna vit le gamin changer d’expression, il lui

451 1241 1875 106 sembla que le gosse buté et violent s’effaçait en

447 1342 1881 108 lui. Philippe la regardait par en dessous, faisant

451 1452 1264 86 semblant de reconnaître ses torts.

573 1548 1736 105 — Là d’accord, mettons que j’ai fait une bêtise.

447 1648 531 94 Mais avant...

622 1749 637 105 — Quelle bêtise?

531 1859 1025 105 Le garçon ne répondit pas.

659 1962 1063 100 – Tu ne peux pas me le dire ?

528 2060 1641 105 Philippe regardait à travers elle sans la voir.

554 2154 1752 108 — Nous étions d’accord, non? insista Luna.

444 2266 1865 105 C’est bien toi qui as choisi de venir et de t’installer

444 2369 637 96 au Vert-Paradis?

552 2474 1198 103 — Une idée de ma grand-mère.

538 2577 868 108 — Mais tu as accepté.

573 2682 625 101 — C’était avant.

542 2785 1005 105 — Mettons. Et à présent?

540 2897 1114 101 — Je marche plus, c’est tout.

545 2998 1434 103 — Tu ne veux plus aller en Bretagne?

547 3103 1748 103 — Pour la Bretagne, je suis OK. J’en ai marre

444 3211 1416 100 d’être ici, avec ce nègre et ces débiles.

524 3309 1767 105 Philippe se baissait, il ramassait un pastel, puis un

442 3421 1842 89 autre et encore un autre. Il les rangeait méticuleu¬

447 3527 1837 93 sement dans leur boîte, devenait tout sucre tout miel.

2199 3711 80 87 71
