2977 4210
664 477 1882 103 me serais jamais permis de lui demander de nous

671 587 953 98 la prêter, surtout pour ça.

819 685 641 100 — Je suis désolé.

842 792 971 101 - Vous n’y êtes pour rien.

748 893 899 96 Clotaire paraît accablé.

758 1003 1324 100 – Rémi est un être irresponsable.

828 1108 616 101 — Vous croyez?

748 1211 976 96 La psy sourit; il rectifie:

762 1323 1779 101 – Disons que c’est un rebelle incapable de

667 1450 409 67 Sassumer.

753 1531 1779 103 – Il me semble que vous lui faites encore beau¬

655 1637 1877 103 coup d’honneur, mon pauvre Clotaire. Racontez¬

652 1740 1870 105 moi: quand Philippe a disjoncté qu’avez-vous fait?

781 1850 1748 91 — On n’en savait encore rien. Pour nous, il

652 1952 1877 99 était parti chercher ses bonbons, point. Ça nous

652 2053 1875 105 permettait de souffler. On n’imaginait pas le bazar

652 2154 1873 100 qu’il avait déclenché. Rémi seul en avait peut-être

652 2261 1868 101 idée. Il a soupiré: “J’ai l’impression qu’on n’a pas

650 2362 1870 91 fini d’en baver." On allait d’un pas lent vers les

650 2467 1875 89 toilettes. Je suis entré derrière lui dans l’urinoir et

655 2570 1865 103 J’ai essayé de le rassurer. “Il est vif, mais il va se

643 2675 1872 103 calmer. Ta copine m’a dit qu’il avait pris ses

645 2780 1206 103 cachets. Il va finir par roupiller.

732 3096 1786 103 Les deux garçons avaient échangé encore quelques

650 3206 1870 96 propos en pissant puis Rémi, en rentrant ses

648 3307 1872 103 parties intimes dans son pantalon, avait conclu

648 3410 1872 98 avec une certaine hostilité: “Enfin, vous avez fait

648 3517 1865 103 copains-copains; t’as peut-être de l’avenir comme

650 3622 602 99 aide-soignant...

652 3803 132 81 142
