2977 4210
681 451 1921 98 approché en douce. La dispute a cessé. A travers la

681 551 1916 108 porte entrebâillée, je pouvais les voir. Elle, les jupes

678 659 1924 98 relevées, penchée sur le plateau en plexi d’une table

678 764 1924 87 roulante, une paille à coca dans le nez, sniffait un

678 865 1917 98 rail de poudre géant. Rémi se tenait derrière elle;

681 972 1914 99 il l’avait prise par la taille et, excusez-moi, Luna,

678 1073 1919 91 il la besognait comme un fou. Je me suis éclipsé

678 1178 1922 96 discrètement avant qu’Odile m’ait vu mais Rémi

681 1286 1916 84 a eu le temps de m’adresser un autre clin d’œil

676 1384 1919 91 canaille, l’air de dire, après moi, si le cœur t’en dit.

678 1489 1917 101 Je me suis hâté de filer vers la cuisine où une petite

683 1602 1912 96 gamine sagement assise sur une chaise et réhaussée

683 1702 1914 98 par un bottin s’apprêtait à décapsuler un yaourt

681 1803 1907 91 bio. “Bonjour, monsieur’’, m’a-t-elle dit poliment.

678 1906 1912 89 Elle m’a montré le sucrier vide. “Tu veux bien me

678 2013 1908 87 donner du sucre, monsieur? —Je veux bien à condi¬

683 2116 1907 89 tion que tu me dises où il y en a.–Là-haut." Elle

681 2240 1909 70 me montrait une minuscule armoire ancienne en

681 2329 1909 87 merisier du genre mobilier à pharmacie suspendue

683 2430 1903 86 au-dessus du frigo. J’ai pivoté sur les talons et me

683 2530 1903 94 suis immobilisé. Sur le réfrigérateur, je tombe sur

681 2642 1905 94 un paquet de cigarettes noir, vous savez, Luna, ces

683 2743 1903 103 paquets sur lesquels il y a une tête de mort et deux

681 2848 718 87 tibias entrecroisés.

777 2949 1813 103 — Oui, dit la psy, des Death. Depuis que la

681 3054 1909 91 marque a été lancée sur le marché anglais, Rémi

681 3157 409 89 en raffole.

765 3260 1830 100 Clotaire soupire. Il a encore en bouche le goût

678 3365 1910 105 des cigarettes qu’il a fumées dans la jeep pour

681 3468 1905 91 tromper son attente alors que Rémi sabrait Odile.

685 3576 1905 91 Il se souvient des pensées qu’il a eues alors. Rémi

676 3756 140 86 280
