2977 4210
917 1038 1016 98 A LA LUMIÈRE D’HIVER

648 1358 1566 94 — Pourquoi me regardez-vous comme ça?

578 1454 1774 89 Clotaire vient d’arêter le défilement de la bande.

496 1562 735 96 Luna ne répond pas.

601 1653 1751 105 — Allez, un peu de courage. Dites-le ! Si vous

491 1761 1156 100 p'nsez quelque chose, dites-le.

683 1864 1671 95 Aquoi bon, fait-elle avec un haussement

486 1967 1856 102 d’épaules à peine perceptible, je n’ai pas de juge¬

489 2069 1863 99 nent moral à porter. Votre sexualité ne regarde que

496 2170 524 84 vous, Clotaire.

594 2273 1758 98 – Vous prêtez foi aux divagations de ce petit

484 2371 307 98 cnfoiré.

603 2476 1058 94 — Jécoute, vous écoutez...

620 2577 1352 86 — Nous écoutons, ricane l’Antillais.

568 2685 1784 91 Son ricanement se termine en glapissement. Il

479 2785 1868 96 Ile se sent pas fier. Il a gardé pour lui sa mésaven¬

484 2888 1861 84 lure. Même Rémi n’en a rien su. Comme si, pense-

484 2991 1861 84 1 il, 1’avais vraiment passé toute sa nuit de noces

486 3094 564 84 qVec la mariée.

568 3185 1774 105 Après la chute, il s’était séché et avait changé

479 3295 1863 84 de vêtements. Au matin, il avait retrouvé les

482 3400 1870 87 autres dans une campagne irradiée de lumière et

479 3494 307 93 Irréelle.

2218 3688 131 79 217
