2977 4210
542 493 1770 105 Ce Philou est de trop. Je me reprends et fixe le

463 605 885 89 cOntenu de son assiette.

596 706 1168 110 — Dégueu... A gerber, tout ça!

545 818 1757 103 Le négro fait signe à la serveuse médusée qu’elle

465 940 379 91 peut riper.

629 1022 1673 112 — Il ne m’a pas l’air facile celui-là, elle fait

468 1134 468 91 avec dédain.

554 1241 1737 106 Tandis qu’elle s’éloigne je murmure entre mes

470 1349 250 87 dents:

620 1447 496 106 — Poufiasse !

552 1560 1732 93 La fille, qui a entendu la réflexion, se retourne.

477 1665 1100 91 Son air affligé me fait ricaner.

578 1763 454 103 — Pétasse !

552 1868 1736 94 Je sais que tout est foutu avec la petite fille. Je la

484 1976 1795 89 vois qui parle de nouveau à l’oreille de son nou¬

482 2076 1675 103 nours. Elle lui parle de moi, j’en suis persuadé.

596 2177 1009 101 — Pisseuse! je lui balance.

561 2280 1723 91 La serveuse a pris pour elle la réflexion. Elle se

482 2385 1802 87 retourne encore une fois, bien décidée à ne pas se

486 2486 1791 93 laisser insulter davantage. Je chope mon assiette,

486 2589 1795 100 plonge sous la banquette. A genoux, je continue

486 2689 1800 84 de manger en leur tournant le dos à tous, coupant

491 2787 1788 87 court à l’intervention de la bonniche qui renonce.

491 2890 1795 87 Ils ont raison, mes gardes-fous, je suis sérieusement

491 2982 264 93 timbré.

571 3080 1521 96 Je les entends chuchoter; Boule de neige:

650 3190 1634 98 -Ca n’a pas tourné vinaigre, mais il s’en est

493 3283 452 103 fallu de peu.

573 3384 599 103 Fromage blanc:

629 3484 1657 101 – Faudrait pas traîner. Après l’autoroute, cest

500 3585 1779 94 la brousse. Finis les beaux péages, finis les lumières

2164 3758 122 82 159
