<?xml version="1.0" encoding="UTF-8"?>
<alto xmlns:xsi="http://www.w3.org/2001/XMLSchema-instance"
      xmlns="http://www.loc.gov/standards/alto/ns-v4#"
      xsi:schemaLocation="http://www.loc.gov/standards/alto/ns-v4# http://www.loc.gov/standards/alto/v4/alto-4-2.xsd">
  <Description>
    <MeasurementUnit>pixel</MeasurementUnit>
    <sourceImageInformation>
      <fileName>page_00026.png</fileName>
      
    </sourceImageInformation>
  </Description>
  
  <Tags>
    <OtherTag ID="BT10605" LABEL="MainZone" DESCRIPTION="block type MainZone"/><OtherTag ID="BT10606" LABEL="NumberingZone" DESCRIPTION="block type NumberingZone"/><OtherTag ID="BT10607" LABEL="RunningTitleZone" DESCRIPTION="block type RunningTitleZone"/><OtherTag ID="BT10608" LABEL="QuireMarksZone" DESCRIPTION="block type QuireMarksZone"/><OtherTag ID="BT10609" LABEL="CustomZone" DESCRIPTION="block type CustomZone"/>
    <OtherTag ID="LT4159" LABEL="DefaultLine" DESCRIPTION="line type DefaultLine"/><OtherTag ID="LT4160" LABEL="HeadingLine" DESCRIPTION="line type HeadingLine"/><OtherTag ID="LT4161" LABEL="default" DESCRIPTION="line type default"/>
  </Tags>
  
  <Layout>
    <Page WIDTH="2977"
          HEIGHT="4210"
          PHYSICAL_IMG_NR="23"
          ID="eSc_dummypage_">
      <PrintSpace HPOS="0"
                  VPOS="0"
                  WIDTH="2977"
                  HEIGHT="4210">
        
        <TextBlock HPOS="660.706298828125"
                   VPOS="620.7399291992188"
                   WIDTH="1975.104248046875"
                   HEIGHT="3061.6245727539062"
                   ID="block_0"
                   TAGREFS="BT10605">
          <Shape><Polygon POINTS="660.706 620.74 2635.81 620.74 2635.81 3682.36 660.706 3682.36 660.706 620.74"/></Shape>
          
          
          <TextLine ID="eSc_line_f3005e94"
                    TAGREFS="LT4160"
                    BASELINE="1088 743 2167 729" 
                    HPOS="1085"
                    VPOS="652"
                    WIDTH="1082"
                    HEIGHT="105">
            <Shape><Polygon POINTS="2139 659 2115 659 2092 657 2068 657 2045 654 2022 654 1998 652 1991 652 1970 659 1954 664 1902 661 1809 654 1806 654 1804 654 1802 654 1802 657 1799 657 1795 664 1792 666 1757 664 1675 657 1673 657 1429 671 1399 671 1387 671 1298 661 1296 664 1273 664 1263 664 1245 673 1242 673 1172 666 1156 668 1132 668 1111 668 1085 675 1088 743 1088 757 2167 743 2167 729 2162 661"/></Shape>
	    <String CONTENT="OPINIONS EXPRIMÉES"
                    HPOS="1085"
                    VPOS="652"
                    WIDTH="1082"
                    HEIGHT="105"></String>
          </TextLine>

          
          
          <TextLine ID="eSc_line_c2f8a6c8"
                    TAGREFS="LT4160"
                    BASELINE="1022 849 2237 830" 
                    HPOS="1020"
                    VPOS="755"
                    WIDTH="1217"
                    HEIGHT="108">
            <Shape><Polygon POINTS="1022 863 1930 863 1930 860 1987 849 2204 856 2207 856 2209 856 2237 842 2237 830 2230 755 1855 767 1846 762 1830 755 1827 755 1825 755 1755 764 1724 769 1701 767 1654 760 1652 760 1598 769 1577 771 1561 769 1504 762 1502 762 1500 762 1479 771 1472 774 1394 774 1060 769 1057 769 1055 769 1020 781 1022 849"/></Shape>
	    <String CONTENT="SUR PHILIPPE TOPINEAU"
                    HPOS="1020"
                    VPOS="755"
                    WIDTH="1217"
                    HEIGHT="108"></String>
          </TextLine>

          
          
          <TextLine ID="eSc_line_7a25a5a7"
                    TAGREFS="LT4160"
                    BASELINE="901 954 2366 935" 
                    HPOS="898"
                    VPOS="856"
                    WIDTH="1468"
                    HEIGHT="109">
            <Shape><Polygon POINTS="2129 856 2127 856 2125 856 2115 860 2097 867 2080 860 2066 856 2064 856 2061 856 2033 860 1994 870 1806 865 1631 863 1628 863 1589 870 1568 874 1558 872 1535 863 1532 863 1530 863 1439 874 1408 877 1385 874 1303 865 1301 865 1298 865 1268 877 1261 879 1245 877 1163 867 1160 867 898 884 901 954 901 965 2363 949 2366 935 2361 858 2354 856"/></Shape>
	    <String CONTENT="DANS LES MOIS OUI ONT SUIVI"
                    HPOS="898"
                    VPOS="856"
                    WIDTH="1468"
                    HEIGHT="109"></String>
          </TextLine>

          
          
          <TextLine ID="eSc_line_3ef64170"
                    TAGREFS="LT4160"
                    BASELINE="1240 1052 2031 1040" 
                    HPOS="1238"
                    VPOS="965"
                    WIDTH="793"
                    HEIGHT="101">
            <Shape><Polygon POINTS="1240 1066 2031 1054 2031 1040 2024 965 1619 977 1612 975 1584 965 1582 965 1579 965 1481 979 1474 979 1469 979 1427 968 1425 968 1422 968 1420 968 1394 982 1392 982 1385 982 1277 970 1275 970 1273 970 1238 984 1240 1052"/></Shape>
	    <String CONTENT="SA DISPARITION"
                    HPOS="1238"
                    VPOS="965"
                    WIDTH="793"
                    HEIGHT="101"></String>
          </TextLine>

          
          
          <TextLine ID="eSc_line_b96bc72d"
                    TAGREFS="LT4160"
                    BASELINE="844 1162 2518 1139" 
                    HPOS="842"
                    VPOS="1071"
                    WIDTH="1676"
                    HEIGHT="110">
            <Shape><Polygon POINTS="844 1162 844 1181 2197 1160 2286 1169 2288 1169 2377 1157 2501 1167 2504 1167 2506 1167 2508 1167 2508 1164 2518 1153 2518 1139 2511 1071 2431 1085 2368 1073 2349 1071 2347 1071 2345 1071 2335 1073 2300 1087 2134 1080 2050 1075 2047 1075 2045 1075 2031 1082 2010 1092 1909 1085 1839 1080 1837 1080 1778 1087 1729 1094 1722 1089 1710 1080 1708 1080 1706 1080 1703 1080 1701 1080 1675 1089 1659 1099 1373 1099 1364 1099 1305 1087 1303 1087 1301 1087 1298 1087 1284 1101 1282 1103 1008 1106 1001 1106 868 1092 865 1092 863 1092 861 1092 847 1101 842 1127"/></Shape>
	    <String CONTENT="(Coupures de presse et extraits d’interviews)"
                    HPOS="842"
                    VPOS="1071"
                    WIDTH="1676"
                    HEIGHT="110"
                    WC="0.9839418689409892"></String>
          </TextLine>

          
          
          <TextLine ID="eSc_line_46c5c907"
                    TAGREFS="LT4159"
                    BASELINE="760 1464 2581 1450" 
                    HPOS="758"
                    VPOS="1391"
                    WIDTH="1823"
                    HEIGHT="94">
            <Shape><Polygon POINTS="2560 1400 2537 1400 2513 1400 2490 1400 2466 1400 2443 1398 2419 1398 2396 1398 2382 1398 2377 1403 2370 1398 2349 1398 2326 1396 2302 1396 2279 1396 2256 1396 2232 1396 2225 1396 2171 1405 2127 1396 2106 1393 2104 1393 2071 1398 2019 1405 1998 1398 1982 1393 1979 1393 1977 1393 1975 1393 1972 1393 1963 1400 1951 1405 1813 1403 1671 1398 1668 1398 1666 1398 1652 1405 1638 1410 1617 1405 1565 1391 1563 1391 1561 1391 1558 1391 1523 1403 1511 1391 1509 1391 1507 1391 1387 1391 1385 1391 1383 1391 1380 1391 1359 1410 1355 1412 1305 1410 1071 1393 1069 1393 1067 1393 1064 1393 1064 1396 1046 1412 1004 1415 985 1415 978 1415 872 1396 870 1396 868 1396 865 1396 840 1417 758 1417 760 1464 760 1478 1654 1485 1657 1485 1729 1471 1738 1471 1762 1471 1949 1482 1951 1482 1954 1482 1982 1468 1987 1468 1996 1468 2066 1480 2068 1480 2579 1464 2581 1450 2576 1400 2560 1400"/></Shape>
	    <String CONTENT="— C’est bien au Hérisson rouge que vous vous"
                    HPOS="758"
                    VPOS="1391"
                    WIDTH="1823"
                    HEIGHT="94"
                    WC="0.9884796924061245"></String>
          </TextLine>

          
          
          <TextLine ID="eSc_line_6fe0bb83"
                    TAGREFS="LT4159"
                    BASELINE="695 1576 2588 1550" 
                    HPOS="692"
                    VPOS="1480"
                    WIDTH="1896"
                    HEIGHT="110">
            <Shape><Polygon POINTS="695 1576 695 1590 2038 1583 2040 1583 2087 1571 2089 1571 2092 1571 2221 1581 2223 1581 2588 1562 2588 1550 2583 1494 2345 1480 2342 1480 2340 1480 2338 1480 2317 1496 2314 1499 2239 1499 2237 1499 2204 1482 2202 1482 2082 1482 2080 1482 1855 1503 1841 1503 1839 1503 1818 1487 1816 1487 1813 1487 1745 1487 1743 1487 1741 1487 1682 1506 1680 1506 1675 1506 1631 1489 1628 1489 1626 1489 1624 1489 1589 1506 1554 1489 1551 1489 1549 1489 1467 1492 1465 1492 1462 1492 1444 1506 1411 1492 1408 1492 1406 1492 1404 1492 1401 1492 1378 1510 1373 1510 1359 1510 1209 1494 1207 1494 1149 1506 1102 1496 1099 1496 1097 1496 1036 1513 1029 1517 882 1517 882 1515 835 1501 833 1501 830 1501 828 1501 786 1517 784 1520 692 1520 695 1576"/></Shape>
	    <String CONTENT="intéressez? Un nuisible! Affirmatif! Rien d’autre"
                    HPOS="692"
                    VPOS="1480"
                    WIDTH="1896"
                    HEIGHT="110"
                    WC="0.9918111860752106"></String>
          </TextLine>

          
          
          <TextLine ID="eSc_line_163bb2a3"
                    TAGREFS="LT4159"
                    BASELINE="695 1679 2583 1651" 
                    HPOS="692"
                    VPOS="1581"
                    WIDTH="1891"
                    HEIGHT="121">
            <Shape><Polygon POINTS="695 1679 695 1702 872 1693 1146 1695 1301 1698 1303 1698 1334 1693 1369 1686 1474 1688 1635 1695 1638 1695 1748 1684 1797 1679 1825 1681 1891 1691 1893 1691 1961 1679 1982 1676 1998 1679 2073 1688 2075 1688 2139 1674 2150 1674 2160 1674 2228 1686 2230 1686 2232 1686 2270 1672 2274 1672 2286 1672 2382 1681 2384 1681 2583 1665 2583 1651 2581 1597 2553 1581 2551 1581 2548 1581 2546 1581 2544 1581 2504 1599 2328 1599 2281 1583 2279 1583 2277 1583 2274 1583 2272 1583 2272 1585 2251 1604 2104 1604 2059 1588 2057 1588 2054 1588 2052 1588 2019 1604 1956 1588 1954 1588 1951 1588 1949 1588 1898 1606 1802 1590 1799 1590 1797 1590 1795 1590 1767 1611 1631 1611 1481 1595 1479 1595 1397 1597 1394 1597 1392 1597 1369 1616 1163 1618 1008 1602 1006 1602 1004 1602 943 1620 851 1604 849 1604 769 1623 727 1606 725 1606 723 1606 720 1606 718 1606 692 1620 695 1679"/></Shape>
	    <String CONTENT="à dire! Topineau Philippe n’était rien qu’un nui¬"
                    HPOS="692"
                    VPOS="1581"
                    WIDTH="1891"
                    HEIGHT="121"
                    WC="0.9776481226378796"></String>
          </TextLine>

          
          
          <TextLine ID="eSc_line_16086888"
                    TAGREFS="LT4159"
                    BASELINE="699 1784 1380 1772" 
                    HPOS="697"
                    VPOS="1700"
                    WIDTH="683"
                    HEIGHT="107">
            <Shape><Polygon POINTS="699 1784 699 1798 943 1807 945 1807 947 1807 987 1793 999 1793 1355 1798 1357 1798 1359 1798 1362 1798 1380 1786 1380 1772 1371 1700 1324 1721 1298 1702 1294 1700 1291 1700 1289 1700 1247 1700 1245 1700 1242 1700 1240 1700 1240 1702 1235 1707 1219 1726 994 1726 978 1721 943 1707 940 1707 938 1707 936 1707 933 1707 933 1709 917 1723 912 1728 901 1723 849 1707 847 1707 844 1707 842 1707 809 1719 755 1709 753 1709 751 1709 697 1730 699 1784"/></Shape>
	    <String CONTENT="Sible, je vous dis!"
                    HPOS="697"
                    VPOS="1700"
                    WIDTH="683"
                    HEIGHT="107"
                    WC="0.9872010412969088"></String>
          </TextLine>

          
          
          <TextLine ID="eSc_line_58e3a849"
                    TAGREFS="LT4159"
                    BASELINE="795 1892 1062 1880 2597 1859" 
                    HPOS="793"
                    VPOS="1789"
                    WIDTH="1804"
                    HEIGHT="124">
            <Shape><Polygon POINTS="795 1892 795 1901 950 1913 952 1913 954 1913 957 1913 957 1910 971 1899 975 1896 1027 1899 1235 1908 1238 1908 1240 1908 1242 1908 1259 1894 1261 1892 1441 1892 1507 1892 1575 1903 1577 1903 1579 1903 1582 1903 1600 1889 1715 1901 1717 1901 1720 1901 1757 1885 1762 1885 1781 1885 1886 1894 1888 1894 2270 1878 2279 1878 2281 1878 2368 1892 2370 1892 2445 1875 2529 1889 2532 1889 2534 1889 2597 1871 2597 1859 2595 1798 2583 1789 2581 1789 2579 1789 2576 1789 2574 1789 2572 1789 2555 1803 2553 1805 2476 1807 2464 1805 2427 1791 2424 1791 2422 1791 2419 1791 2417 1791 2398 1805 2391 1812 2183 1812 2176 1810 2160 1798 2157 1798 2155 1798 2153 1798 2092 1812 2085 1812 2078 1812 2033 1798 2031 1798 2029 1798 2026 1798 1989 1812 1984 1814 1977 1812 1923 1798 1921 1798 1919 1798 1916 1798 1872 1814 1865 1817 1858 1814 1795 1800 1792 1800 1790 1800 1743 1817 1736 1821 1549 1821 1544 1821 1458 1805 1455 1805 1453 1805 1411 1824 1406 1824 1277 1807 1275 1807 1273 1807 1202 1826 1142 1810 1139 1810 1137 1810 1135 1810 1132 1810 1109 1829 1025 1812 1022 1812 1020 1812 989 1829 959 1812 957 1812 954 1812 952 1812 910 1831 823 1814 821 1814 819 1814 816 1814 793 1829 795 1892"/></Shape>
	    <String CONTENT="(...) Oui, j’aurais pu prévoir tout ce qui est"
                    HPOS="793"
                    VPOS="1789"
                    WIDTH="1804"
                    HEIGHT="124"
                    WC="0.9908080012240308"></String>
          </TextLine>

          
          
          <TextLine ID="eSc_line_8e85947f"
                    TAGREFS="LT4159"
                    BASELINE="697 1990 2586 1962" 
                    HPOS="695"
                    VPOS="1894"
                    WIDTH="1891"
                    HEIGHT="119">
            <Shape><Polygon POINTS="697 1990 697 2013 1039 1999 1060 2009 1067 2011 1069 2011 1071 2011 1125 2006 1254 1997 1422 2002 1577 2004 1579 2004 1624 1997 1661 1990 1802 1992 2050 1997 2052 1997 2104 1985 2118 1983 2174 1983 2424 1992 2427 1992 2586 1974 2586 1962 2579 1908 2419 1910 2417 1910 2387 1894 2384 1894 2382 1894 2380 1894 2335 1906 2265 1894 2263 1894 2260 1894 2258 1894 2235 1913 2230 1913 2169 1896 2167 1896 2164 1896 2162 1896 2160 1896 2139 1913 2139 1915 1940 1917 1933 1917 1886 1901 1884 1901 1881 1901 1879 1901 1827 1917 1797 1901 1795 1901 1792 1901 1790 1901 1741 1920 1736 1920 1722 1920 1523 1906 1521 1906 1518 1906 1479 1922 1474 1924 1465 1924 1397 1910 1394 1910 1324 1924 1315 1929 1083 1929 1078 1929 1008 1913 1006 1913 1004 1913 966 1929 947 1915 945 1915 943 1915 940 1915 938 1915 879 1929 851 1915 849 1915 847 1915 844 1915 798 1934 695 1934 697 1990"/></Shape>
	    <String CONTENT="arrivé. Depuis cette affaire des barjos de Sologne."
                    HPOS="695"
                    VPOS="1894"
                    WIDTH="1891"
                    HEIGHT="119"
                    WC="0.9897073839719479"></String>
          </TextLine>

          
          
          <TextLine ID="eSc_line_18d9506d"
                    TAGREFS="LT4159"
                    BASELINE="711 2093 2593 2062" 
                    HPOS="709"
                    VPOS="2002"
                    WIDTH="1884"
                    HEIGHT="114">
            <Shape><Polygon POINTS="711 2093 711 2105 851 2116 854 2116 1153 2100 1156 2100 1184 2114 1186 2114 1188 2116 1289 2116 1289 2114 1291 2114 1294 2114 1310 2100 1444 2109 1446 2109 1448 2109 1451 2109 1469 2095 1565 2105 1568 2105 1802 2090 1846 2102 1848 2102 1851 2102 1942 2090 2008 2102 2010 2102 2176 2086 2382 2093 2384 2093 2387 2093 2424 2081 2539 2093 2541 2093 2544 2093 2593 2076 2593 2062 2586 2013 2438 2013 2436 2013 2419 2002 2417 2002 2415 2002 2412 2002 2410 2002 2408 2002 2394 2013 2394 2016 2181 2016 2169 2016 2071 2004 2068 2004 2066 2004 2064 2004 2050 2016 2045 2020 1947 2020 1933 2018 1895 2006 1893 2006 1891 2006 1888 2006 1853 2018 1837 2023 1799 2018 1727 2009 1724 2009 1722 2009 1703 2018 1689 2027 1547 2027 1514 2020 1481 2013 1479 2013 1476 2013 1448 2020 1413 2030 1373 2020 1343 2016 1341 2016 1338 2016 1336 2016 1329 2023 1317 2032 851 2039 709 2027 711 2093"/></Shape>
	    <String CONTENT="Vous vous rappelez ? ces abrutis qui jouaient aux"
                    HPOS="709"
                    VPOS="2002"
                    WIDTH="1884"
                    HEIGHT="114"
                    WC="0.9866307913040628"></String>
          </TextLine>

          
          
          <TextLine ID="eSc_line_bd2235fc"
                    TAGREFS="LT4159"
                    BASELINE="704 2196 2590 2165" 
                    HPOS="702"
                    VPOS="2093"
                    WIDTH="1888"
                    HEIGHT="117">
            <Shape><Polygon POINTS="704 2196 704 2207 1390 2210 1392 2210 1600 2196 1715 2205 1717 2205 1720 2205 1722 2205 1738 2193 2441 2193 2443 2193 2572 2191 2574 2191 2576 2191 2590 2179 2590 2165 2583 2112 2504 2112 2501 2112 2450 2093 2448 2093 2445 2093 2443 2093 2441 2093 2412 2114 2408 2116 2366 2116 2363 2114 2338 2095 2335 2095 2333 2095 2331 2095 2328 2095 2326 2095 2293 2114 2291 2116 2286 2114 2242 2097 2239 2097 2155 2097 2153 2097 2150 2097 2148 2097 2125 2116 2122 2119 2106 2119 1940 2102 1937 2102 1935 2102 1933 2102 1907 2121 1905 2123 1853 2126 1703 2126 1696 2123 1671 2107 1668 2107 1666 2107 1617 2107 1614 2107 1612 2107 1575 2126 1570 2128 1565 2126 1530 2109 1528 2109 1444 2109 1441 2109 1439 2109 1437 2109 1415 2128 1413 2130 1411 2128 1380 2112 1378 2112 1376 2112 1373 2112 1324 2126 1289 2112 1287 2112 1284 2112 1156 2133 1132 2135 1118 2133 1055 2116 1053 2116 1050 2116 1048 2116 1046 2116 1022 2135 1020 2135 1006 2135 844 2119 842 2119 840 2119 837 2119 807 2137 802 2140 798 2137 765 2121 762 2121 760 2121 758 2121 702 2137 704 2196"/></Shape>
	    <String CONTENT="Indiens du côté de Férolles-sur-Cher J&#x27;étais alors"
                    HPOS="702"
                    VPOS="2093"
                    WIDTH="1888"
                    HEIGHT="117"></String>
          </TextLine>

          
          
          <TextLine ID="eSc_line_9667701a"
                    TAGREFS="LT4159"
                    BASELINE="702 2299 2595 2271" 
                    HPOS="699"
                    VPOS="2203"
                    WIDTH="1896"
                    HEIGHT="110">
            <Shape><Polygon POINTS="702 2299 702 2313 2595 2287 2595 2271 2590 2221 2478 2203 2476 2203 2473 2203 2436 2217 2382 2205 2380 2205 2249 2224 2141 2207 2139 2207 2136 2207 2134 2207 2134 2210 2113 2226 2113 2228 2085 2228 2029 2228 1965 2210 1963 2210 1961 2210 1958 2210 1902 2231 1886 2231 1797 2231 1795 2231 1734 2214 1731 2214 1729 2214 1624 2233 1619 2233 1614 2233 1462 2219 1460 2219 1458 2219 1420 2235 1420 2238 1165 2240 1163 2240 1146 2228 1144 2228 1142 2228 1139 2228 1081 2240 1060 2224 1057 2224 1055 2224 1053 2224 1050 2224 1008 2240 912 2226 910 2226 908 2226 905 2226 887 2240 786 2228 784 2228 699 2245 702 2299"/></Shape>
	    <String CONTENT="adjudant et je servais sous les ordres du capitaine"
                    HPOS="699"
                    VPOS="2203"
                    WIDTH="1896"
                    HEIGHT="110"
                    WC="0.9810075631328657"></String>
          </TextLine>

          
          
          <TextLine ID="eSc_line_5b63c8fe"
                    TAGREFS="LT4159"
                    BASELINE="706 2399 2597 2376" 
                    HPOS="704"
                    VPOS="2308"
                    WIDTH="1893"
                    HEIGHT="119">
            <Shape><Polygon POINTS="706 2399 706 2413 844 2427 847 2427 919 2411 929 2411 945 2411 1078 2423 1081 2423 1174 2409 1179 2409 1186 2409 1268 2423 1270 2423 1439 2406 1462 2404 1483 2404 1638 2418 1640 2418 1642 2418 1645 2418 1645 2416 1657 2406 1834 2416 1837 2416 1839 2416 1867 2399 1869 2399 1888 2399 2003 2409 2005 2409 2207 2397 2242 2395 2253 2395 2345 2409 2347 2409 2349 2409 2377 2395 2380 2392 2595 2390 2597 2376 2593 2324 2448 2310 2445 2310 2443 2310 2398 2324 2377 2308 2375 2308 2373 2308 2312 2308 2309 2308 2307 2308 2274 2327 2143 2327 2043 2310 2040 2310 2038 2310 2036 2310 2012 2331 1867 2331 1844 2313 1841 2313 1839 2313 1837 2313 1633 2334 1502 2317 1500 2317 1497 2317 1458 2336 1273 2320 1270 2320 1268 2320 1226 2341 1163 2341 1083 2322 1081 2322 1078 2322 1027 2341 978 2324 975 2324 973 2324 971 2324 931 2341 847 2327 844 2327 842 2327 800 2343 730 2327 727 2327 725 2327 723 2327 704 2341 706 2399"/></Shape>
	    <String CONTENT="Laforêt. Un officier de qualité, un rien souffreteux"
                    HPOS="704"
                    VPOS="2308"
                    WIDTH="1893"
                    HEIGHT="119"
                    WC="0.9713421761989594"></String>
          </TextLine>

          
          
          <TextLine ID="eSc_line_3cbb5019"
                    TAGREFS="LT4159"
                    BASELINE="706 2504 2590 2479" 
                    HPOS="704"
                    VPOS="2416"
                    WIDTH="1886"
                    HEIGHT="114">
            <Shape><Polygon POINTS="706 2504 706 2530 952 2516 1170 2523 1256 2526 1259 2526 1261 2526 1263 2526 1268 2521 1284 2511 1420 2511 1465 2518 1500 2523 1502 2523 1607 2516 1759 2504 1961 2509 2139 2514 2141 2514 2143 2514 2146 2514 2155 2507 2167 2500 2214 2504 2274 2511 2277 2511 2590 2497 2590 2479 2583 2430 2274 2430 2209 2416 2207 2416 2204 2416 2202 2416 2181 2432 2132 2423 2129 2423 1895 2437 1792 2420 1790 2420 1788 2420 1785 2420 1762 2437 1570 2425 1568 2425 1565 2425 1563 2425 1547 2441 1362 2444 1301 2427 1298 2427 1296 2427 1294 2427 1291 2427 1270 2446 1046 2448 1004 2432 1001 2432 894 2432 891 2432 704 2453 706 2504"/></Shape>
	    <String CONTENT="et faible aussi, le capitaine. Pas assez de poigne,"
                    HPOS="704"
                    VPOS="2416"
                    WIDTH="1886"
                    HEIGHT="114"
                    WC="0.9821232615732679"></String>
          </TextLine>

          
          
          <TextLine ID="eSc_line_7fb2c6ed"
                    TAGREFS="LT4159"
                    BASELINE="709 2607 2593 2579" 
                    HPOS="706"
                    VPOS="2511"
                    WIDTH="1887"
                    HEIGHT="124">
            <Shape><Polygon POINTS="709 2607 709 2635 1053 2617 1104 2626 1116 2628 1118 2628 1132 2626 1193 2614 1493 2619 1640 2619 1642 2619 1645 2619 1647 2619 1647 2617 1652 2614 1659 2607 1729 2612 1799 2617 1802 2617 1804 2617 1825 2610 1844 2605 1865 2610 1907 2617 1909 2617 2366 2598 2370 2598 2431 2610 2434 2610 2436 2610 2473 2596 2541 2607 2544 2607 2546 2607 2593 2591 2593 2579 2588 2530 2340 2511 2338 2511 2335 2511 2333 2511 2307 2533 2171 2533 2122 2514 2120 2514 2118 2514 2115 2514 2050 2537 1851 2537 1809 2518 1806 2518 1804 2518 1802 2518 1762 2537 1727 2521 1724 2521 1722 2521 1619 2523 1617 2523 1614 2523 1589 2544 1490 2544 1441 2526 1439 2526 1437 2526 1434 2526 1392 2542 1338 2526 1336 2526 1334 2526 1277 2528 1275 2528 1273 2528 1247 2547 1027 2530 1025 2530 1022 2530 1020 2530 1020 2533 1004 2547 959 2533 957 2533 954 2533 952 2533 901 2549 868 2533 865 2533 863 2533 861 2533 793 2551 732 2535 730 2535 727 2535 725 2535 723 2535 723 2537 706 2549 709 2607"/></Shape>
	    <String CONTENT="Laforêt Pierre-Marie... C’était son prénom, Pierre-"
                    HPOS="706"
                    VPOS="2511"
                    WIDTH="1887"
                    HEIGHT="124"></String>
          </TextLine>

          
          
          <TextLine ID="eSc_line_68ee1b0e"
                    TAGREFS="LT4159"
                    BASELINE="711 2710 2600 2682" 
                    HPOS="709"
                    VPOS="2617"
                    WIDTH="1891"
                    HEIGHT="124">
            <Shape><Polygon POINTS="711 2710 711 2741 879 2724 1097 2734 1151 2734 1153 2734 1156 2734 1158 2734 1160 2731 1174 2720 1376 2717 1429 2724 1465 2729 1467 2729 1645 2720 1813 2710 2040 2710 2572 2710 2574 2710 2576 2710 2600 2696 2600 2682 2593 2635 2438 2635 2398 2617 2396 2617 2394 2617 2391 2617 2338 2631 2286 2617 2284 2617 2281 2617 2129 2640 2122 2642 1963 2642 1956 2642 1867 2624 1865 2624 1862 2624 1860 2624 1837 2645 1827 2645 1619 2647 1612 2647 1532 2628 1530 2628 1528 2628 1525 2628 1511 2640 1462 2631 1460 2631 1458 2631 1455 2631 1432 2649 1429 2652 1153 2654 1149 2652 1128 2635 1125 2635 1123 2635 1032 2635 1029 2635 1027 2635 1025 2635 1004 2654 999 2659 858 2659 856 2656 823 2640 821 2640 725 2640 723 2640 720 2640 718 2640 718 2642 709 2649 711 2710"/></Shape>
	    <String CONTENT="Marie. Oh, ne me faites pas dire que c’était une"
                    HPOS="709"
                    VPOS="2617"
                    WIDTH="1891"
                    HEIGHT="124"
                    WC="0.9811360422445803"></String>
          </TextLine>

          
          
          <TextLine ID="eSc_line_508aa91f"
                    TAGREFS="LT4159"
                    BASELINE="713 2816 2604 2787" 
                    HPOS="711"
                    VPOS="2722"
                    WIDTH="1893"
                    HEIGHT="122">
            <Shape><Polygon POINTS="713 2816 713 2844 1364 2820 1432 2827 1458 2830 1460 2830 1483 2827 1532 2818 1654 2823 1799 2827 1802 2827 1867 2818 1895 2813 1977 2813 2235 2820 2237 2820 2483 2804 2576 2813 2579 2813 2581 2813 2604 2799 2604 2787 2600 2722 2419 2722 2417 2722 2415 2722 2412 2722 2410 2724 2394 2736 2361 2727 2347 2722 2345 2722 2342 2722 2340 2722 2338 2722 2333 2727 2321 2736 2305 2727 2293 2722 2291 2722 2288 2722 2286 2722 2270 2729 2239 2741 2122 2743 2010 2743 1996 2734 1979 2727 1977 2727 1975 2727 1972 2727 1947 2736 1923 2745 1816 2745 1764 2738 1699 2731 1696 2731 1568 2743 1500 2750 1453 2745 1345 2736 1343 2736 1341 2736 1305 2750 1296 2752 1287 2750 1240 2738 1238 2738 1235 2738 1233 2738 1193 2752 1184 2757 711 2762 713 2816"/></Shape>
	    <String CONTENT="gonzesse, mais il ne sortait pas du rang, lui. “J&#x27;ai"
                    HPOS="711"
                    VPOS="2722"
                    WIDTH="1893"
                    HEIGHT="122"></String>
          </TextLine>

          
          
          <TextLine ID="eSc_line_cf5e836c"
                    TAGREFS="LT4159"
                    BASELINE="711 2918 2607 2890" 
                    HPOS="709"
                    VPOS="2830"
                    WIDTH="1898"
                    HEIGHT="107">
            <Shape><Polygon POINTS="711 2918 711 2937 1343 2923 1383 2925 1497 2935 1500 2935 1729 2918 1750 2918 1755 2918 1811 2930 1813 2930 1958 2914 1972 2914 1982 2914 2066 2925 2068 2925 2071 2925 2073 2925 2089 2914 2443 2918 2445 2918 2506 2907 2579 2916 2581 2916 2583 2916 2607 2902 2607 2890 2600 2832 2270 2846 2218 2839 2162 2830 2160 2830 2157 2830 2122 2841 2094 2848 2047 2841 1982 2832 1979 2832 1977 2832 1975 2832 1961 2844 1951 2851 1727 2848 1535 2846 1532 2846 1530 2846 1511 2853 1493 2858 1465 2853 1392 2841 1390 2841 1387 2841 1385 2841 1369 2855 1364 2860 1240 2860 1231 2858 1184 2844 1181 2844 1179 2844 1043 2862 1011 2865 987 2862 868 2848 865 2848 863 2848 861 2848 835 2865 830 2869 709 2869 711 2918"/></Shape>
	    <String CONTENT="quelque raison de penser que les choses sont"
                    HPOS="709"
                    VPOS="2830"
                    WIDTH="1898"
                    HEIGHT="107"
                    WC="0.9729426787658171"></String>
          </TextLine>

          
          
          <TextLine ID="eSc_line_a1bc5bf1"
                    TAGREFS="LT4159"
                    BASELINE="711 3024 2602 2993" 
                    HPOS="709"
                    VPOS="2925"
                    WIDTH="1893"
                    HEIGHT="127">
            <Shape><Polygon POINTS="711 3024 713 3052 774 3038 1062 3045 1125 3045 1128 3045 1130 3045 1137 3042 1170 3028 1355 3028 1383 3038 1394 3040 1397 3040 1399 3040 1429 3035 1486 3026 1544 3033 1572 3035 1575 3035 2050 3021 2270 3014 2274 3014 2305 3026 2307 3026 2309 3026 2515 3012 2572 3021 2574 3021 2576 3021 2602 3007 2602 2993 2595 2942 2408 2944 2403 2944 2347 2925 2345 2925 2342 2925 2340 2925 2277 2947 2272 2947 2270 2947 2207 2928 2204 2928 2202 2928 2199 2928 2141 2949 2139 2949 2129 2949 1961 2932 1958 2932 1956 2932 1919 2954 1912 2954 1853 2954 1851 2954 1788 2935 1785 2935 1783 2935 1781 2935 1778 2935 1755 2954 1689 2937 1687 2937 1685 2937 1682 2937 1638 2956 1600 2937 1598 2937 1596 2937 1521 2954 1448 2939 1446 2939 1444 2939 1441 2939 1415 2961 1322 2951 1319 2951 1317 2951 1266 2963 1144 2944 1142 2944 1139 2944 1095 2965 975 2968 779 2951 777 2951 774 2951 709 2972 711 3024"/></Shape>
	    <String CONTENT="plus complexes”, il disait des choses loufoques"
                    HPOS="709"
                    VPOS="2925"
                    WIDTH="1893"
                    HEIGHT="127"></String>
          </TextLine>

          
          
          <TextLine ID="eSc_line_95306eb4"
                    TAGREFS="LT4159"
                    BASELINE="711 3124 1214 3117" 
                    HPOS="709"
                    VPOS="3056"
                    WIDTH="505"
                    HEIGHT="92">
            <Shape><Polygon POINTS="711 3124 711 3136 1006 3136 1039 3148 1041 3148 1043 3148 1212 3131 1214 3117 1209 3077 1132 3077 1102 3056 1099 3056 1097 3056 1095 3056 1092 3056 1090 3056 1076 3068 1050 3061 1048 3061 1046 3061 1043 3061 1041 3061 1041 3063 1039 3063 1029 3075 1008 3063 1006 3063 1004 3063 1001 3063 999 3063 973 3073 961 3061 959 3061 957 3061 760 3061 758 3061 755 3061 709 3080 711 3124"/></Shape>
	    <String CONTENT="comme ça..."
                    HPOS="709"
                    VPOS="3056"
                    WIDTH="505"
                    HEIGHT="92"></String>
          </TextLine>

          
          
          <TextLine ID="eSc_line_e2842538"
                    TAGREFS="LT4159"
                    BASELINE="807 3234 1123 3220 2609 3201" 
                    HPOS="805"
                    VPOS="3134"
                    WIDTH="1804"
                    HEIGHT="119">
            <Shape><Polygon POINTS="807 3234 807 3241 966 3253 968 3253 971 3253 973 3253 973 3251 985 3239 989 3237 1022 3239 1104 3246 1107 3246 1308 3234 1369 3232 1378 3234 1418 3246 1420 3246 1422 3246 1425 3246 1427 3246 1446 3234 1638 3244 1640 3244 1752 3227 1764 3227 1792 3227 2059 3234 2061 3234 2195 3220 2209 3220 2214 3220 2251 3232 2253 3232 2256 3232 2340 3218 2352 3218 2361 3218 2462 3230 2464 3230 2609 3213 2609 3201 2602 3148 2307 3150 2286 3134 2284 3134 2281 3134 2221 3134 2218 3134 2216 3134 2214 3134 2195 3150 2150 3138 2148 3138 2146 3138 2078 3152 1996 3136 1994 3136 1991 3136 1989 3136 1961 3157 1893 3157 1811 3138 1809 3138 1806 3138 1804 3138 1804 3141 1783 3157 1617 3143 1614 3143 1612 3143 1610 3143 1591 3157 1525 3145 1523 3145 1521 3145 1518 3145 1502 3162 1371 3162 1322 3145 1319 3145 1317 3145 1315 3145 1312 3145 1296 3159 1245 3148 1242 3148 1240 3148 1238 3148 1217 3166 1139 3166 973 3150 971 3150 968 3150 929 3169 847 3152 844 3152 842 3152 805 3169 807 3234"/></Shape>
	    <String CONTENT="(...) Il voulait tout piger. Ces clients-là comme"
                    HPOS="805"
                    VPOS="3134"
                    WIDTH="1804"
                    HEIGHT="119"></String>
          </TextLine>

          
          
          <TextLine ID="eSc_line_ad711095"
                    TAGREFS="LT4159"
                    BASELINE="713 3330 2604 3302" 
                    HPOS="711"
                    VPOS="3248"
                    WIDTH="1893"
                    HEIGHT="105">
            <Shape><Polygon POINTS="713 3330 713 3353 1128 3339 1160 3346 1170 3349 1172 3349 1174 3349 1177 3349 1188 3346 1228 3337 1301 3344 1334 3346 1336 3346 1338 3346 1341 3346 1343 3342 1355 3335 1399 3342 1434 3346 1437 3346 1476 3339 1521 3332 1692 3335 1926 3339 1928 3339 1930 3339 1963 3330 1977 3325 2075 3328 2361 3332 2363 3332 2604 3314 2604 3302 2597 3248 711 3269 713 3330"/></Shape>
	    <String CONTENT="les autres. Il ne se rendait pas compte que ses"
                    HPOS="711"
                    VPOS="3248"
                    WIDTH="1893"
                    HEIGHT="105"
                    WC="0.9936944119473721"></String>
          </TextLine>

          
          
          <TextLine ID="eSc_line_7ea8787d"
                    TAGREFS="LT4159"
                    BASELINE="718 3433 2602 3407" 
                    HPOS="716"
                    VPOS="3339"
                    WIDTH="1886"
                    HEIGHT="117">
            <Shape><Polygon POINTS="718 3433 718 3445 854 3456 856 3456 1062 3442 1912 3442 1914 3442 1916 3442 1919 3442 1933 3431 2071 3440 2073 3440 2075 3440 2078 3440 2092 3428 2178 3438 2181 3438 2258 3426 2427 3435 2429 3435 2522 3424 2581 3433 2583 3433 2586 3433 2588 3433 2602 3421 2602 3407 2593 3339 2555 3356 2452 3342 2441 3342 2438 3342 2436 3342 2434 3342 2410 3356 2377 3344 2370 3342 2368 3342 2366 3342 2363 3342 2361 3342 2359 3344 2342 3358 2174 3358 2155 3349 2153 3346 2150 3346 2148 3346 2146 3346 2143 3346 2141 3346 2139 3349 2122 3363 2054 3363 2015 3353 1991 3346 1989 3346 1987 3346 1984 3346 1982 3346 1972 3353 1958 3365 1860 3365 1844 3356 1827 3349 1825 3349 1743 3349 1741 3349 1738 3349 1706 3360 1680 3370 1549 3370 1497 3365 1401 3353 1399 3353 1397 3353 1394 3353 1378 3368 1369 3372 1319 3368 1191 3358 1188 3358 1186 3358 1153 3372 1151 3372 1099 3358 1097 3358 1095 3358 1092 3358 1060 3375 1055 3377 1032 3375 887 3360 884 3360 882 3360 812 3379 737 3363 734 3363 732 3363 730 3363 730 3365 716 3375 718 3433"/></Shape>
	    <String CONTENT="Idiens étaient des nuisibles, des terroristes!"
                    HPOS="716"
                    VPOS="3339"
                    WIDTH="1886"
                    HEIGHT="117"
                    WC="0.9918603389821155"></String>
          </TextLine>

          
          
          <TextLine ID="eSc_line_b82a57a4"
                    TAGREFS="LT4159"
                    BASELINE="725 3536 2611 3510" 
                    HPOS="723"
                    VPOS="3445"
                    WIDTH="1888"
                    HEIGHT="117">
            <Shape><Polygon POINTS="725 3536 725 3548 894 3562 896 3562 898 3562 957 3548 1233 3557 1235 3557 1324 3543 1532 3552 1535 3552 1537 3552 1561 3541 1891 3545 1893 3545 1895 3545 1940 3534 2092 3545 2094 3545 2270 3529 2588 3536 2590 3536 2593 3536 2595 3536 2611 3524 2611 3510 2607 3461 2529 3445 2527 3445 2412 3461 2410 3463 2221 3463 2218 3463 2155 3449 2153 3449 2150 3449 2097 3466 2092 3468 1731 3470 1724 3468 1685 3456 1682 3456 1680 3456 1678 3456 1652 3470 1649 3470 1645 3470 1600 3456 1598 3456 1596 3456 1593 3456 1591 3456 1591 3459 1577 3470 1572 3473 1525 3470 1357 3461 1355 3461 1270 3473 1235 3480 964 3480 945 3477 896 3466 894 3466 891 3466 889 3466 872 3477 865 3482 847 3477 814 3468 812 3468 809 3468 723 3477 725 3536"/></Shape>
	    <String CONTENT="Toujours un prétexte à trouver au pire assassin"
                    HPOS="723"
                    VPOS="3445"
                    WIDTH="1888"
                    HEIGHT="117"></String>
          </TextLine>

          
          
          <TextLine ID="eSc_line_d79056b3"
                    TAGREFS="LT4159"
                    BASELINE="718 3639 2609 3613" 
                    HPOS="716"
                    VPOS="3548"
                    WIDTH="1893"
                    HEIGHT="114">
            <Shape><Polygon POINTS="718 3639 718 3662 1104 3653 1137 3658 1165 3662 1167 3662 1193 3658 1233 3648 1296 3655 1345 3660 1348 3660 1429 3653 1504 3646 1610 3648 1722 3653 1724 3653 1727 3653 1750 3646 1771 3641 1806 3646 1860 3653 1862 3653 1907 3643 1933 3639 2033 3641 2260 3648 2263 3648 2321 3636 2335 3634 2354 3636 2429 3643 2431 3643 2609 3629 2609 3613 2602 3562 2492 3564 2483 3562 2436 3548 2434 3548 2431 3548 2429 3548 2377 3564 2366 3566 2354 3564 2321 3557 2319 3557 2136 3569 2071 3571 2064 3569 2043 3555 2040 3555 2038 3555 1979 3555 1977 3555 1975 3555 1972 3555 1954 3571 1951 3573 1790 3573 1783 3573 1713 3559 1710 3559 1708 3559 1668 3576 1664 3578 1530 3578 1525 3578 1483 3562 1481 3562 1479 3562 1413 3573 1261 3564 1259 3564 1256 3564 1254 3564 1228 3580 1224 3585 887 3587 875 3587 755 3571 753 3571 751 3571 716 3585 718 3639"/></Shape>
	    <String CONTENT="des excuses. C’était un rêveur. Ce que je dis ne"
                    HPOS="716"
                    VPOS="3548"
                    WIDTH="1893"
                    HEIGHT="114"></String>
          </TextLine>

          
        </TextBlock>
        
        <TextBlock HPOS="715.0191040039062"
                   VPOS="3750.933837890625"
                   WIDTH="123.95654296875"
                   HEIGHT="100.27099609375"
                   ID="block_1"
                   TAGREFS="BT10606">
          <Shape><Polygon POINTS="715.019 3750.93 838.976 3750.93 838.976 3851.2 715.019 3851.2 715.019 3750.93"/></Shape>
          
          
          <TextLine ID="eSc_line_d7edeb6d"
                    TAGREFS="LT4159"
                    BASELINE="727 3819 805 3814" 
                    HPOS="723"
                    VPOS="3744"
                    WIDTH="82"
                    HEIGHT="94">
            <Shape><Polygon POINTS="727 3819 727 3838 805 3838 805 3814 795 3744 723 3756 727 3819"/></Shape>
	    <String CONTENT="36"
                    HPOS="723"
                    VPOS="3744"
                    WIDTH="82"
                    HEIGHT="94"
                    WC="0.9999406337738037"></String>
          </TextLine>

          
        </TextBlock>
        

        
      </PrintSpace>
    </Page>
  </Layout>
</alto>
