2977 4210
533 584 1238 101 Clotaire lui non plus ne dort pas.

533 689 1781 101 Depuis quelque temps, sans parvenir à com¬

444 790 1873 108 prendre pourquoi, il a le sommeil très léger. Il

451 898 1861 89 vient de se réveiller et songe à cette drôle de nana.

444 998 1870 94 Bien qu’il ne soit aucunement libertin, il caresse

444 1113 1873 84 mollement l’idée de la sauter, l’influence de Rémi

444 1213 1870 99 sans doute —ne serait-ce, par exemple, que pour

449 1314 943 101 vérifier ce qu’il en disait.

526 1417 1781 105 Il se demande quel goût ça peut avoir une déesse?

444 1517 663 106 Et une psy donc?

526 1623 1788 103 Rien de rare, estime-t-il. Toute gironde qu’elle

444 1726 1870 105 soit, pas plus que Rémi (au moins à cet égard, il

444 1840 1868 94 ne pense pas qu’il s’agisse de bluff) il n’imagine

444 1936 1870 87 cette métisse dans une franche partie de jambes en

444 2025 187 98 l’air.

535 2135 1777 105 Trop intello et trop maigre, la négresse, conclut-il.

524 2242 1790 89 Il ne se reconnaît plus. Oui, ce raid vers l’ouest

447 2341 957 105 l’a profondément changé.

521 2439 1791 108 Déjà, l’image de Luna nue s’effiloche, remplacée

444 2547 1868 107 par le souvenir de l’antique Coccinelle hoquetant

444 2649 908 94 dans la côte de Meudon.

521 2937 1788 101 Du capot de la voiture commençaient à sortir

442 3040 1865 103 des volutes de fumée, déjections graisseuses et de

451 3145 920 101 vapeur d’eau mélangées.

587 3241 894 103 — Bon Dieu, arrête-toi!

521 3346 1786 89 Mais la voiture continuait d’ahaner en toussant

437 3447 1865 101 et Clotaire avait dû donner un coup dans les côtes

437 3543 340 98 de Rémi.

2181 3725 128 94 109
