2977 4210
702 411 1942 105 qu’elle est éprise d’elle physiquement. Ça doit la

702 507 1937 108 gratifier, célèbre psychanalyste vieillissante, d’être

706 622 1936 96 vue en compagnie de cette jeune collègue aussi

697 715 1942 101 brillante que jolie. “Tout le monde vous croit belle,

695 823 1942 96 lui a-t-elle dit l’autre jour, mais vous savez, Luna,

702 928 1937 101 vous êtes mieux que belle. Gracieuse. Oui, pleine

688 1020 431 120 de grâce.”

872 1132 1770 102 — Mon oiseau des îles, c’est ça qu’elle a

690 1241 1952 103 dans sa tête, ricane Luna qui se rappelle que

685 1337 1950 106 Mme le Dr Fromm-Bonpied l’a également sur¬

683 1450 1959 100 nommée son ange noir. À croire que la vieille voit

683 1550 519 91 encore clair !

772 1709 1870 103 De toute façon, dans les pays à haut niveau

678 1812 1959 108 de vie, il semble que ce type de famille tende à

678 1922 1507 91 I’emporter. Au moins comme modèle.

767 2079 1865 103 On devrait cesser d’affirmer et d’argumenter, se

671 2186 1964 115 dit Luna, et réfléchir davantage. Le petit Topineau

669 2294 1963 98 est un excellent miroir; il lui a donné une bonne

671 2416 1957 95 leçon: Pourquoi vouloir toujours commencer par

667 2509 1965 108 le début? se fier à la chronologie? croire que cet

667 2617 1956 107 ordre-là soit le seul à permettre de saisir l’enchaî¬

664 2731 1966 106 nement des faits et de comprendre? Alors que

662 2841 1963 110 c’est le résultat qui compte, comme ce gamin-là le

662 2954 512 98 montre bien.

755 3063 1868 113 La psy a une envie subite de parler avec Rémi.

657 3171 1966 112 Mais il est loin, Rémi. Si loin, depuis qu’il est parti

659 3288 1964 110 à fond dans la dope. Il y a bien Clotaire, son copain

652 3398 1964 103 né dans une bonne famille de Guadeloupe mais

650 3513 1971 116 elle le connaît si peu, elle ne l’a jamais vu qu’une

650 3629 1966 115 fois quand les deux garçons sont venus chercher le

648 3831 100 114 48
