2977 4210
622 460 1734 98 — Tu as fait un mauvais rêve. Un cauchemar,

463 563 1891 98 tu comprends, ma Madou... Maintenant c’est fini,

465 673 826 94 on va récurer tout ça.

552 762 1807 112 Quand Zéphyrin rapporte les bougies, je lui

463 867 1893 91 demande de reconduire Yolaine chez les fous. Je

465 965 1884 110 l’ai étrillée à fond, la grosse est bien propre à pré¬

463 1071 1889 93 sent. Elle a seulement des taches de sang sur sa robe

463 1176 1889 91 mais personne ne s’étonnera: une grande fille comme

463 1274 1884 98 elle peut avoir déjà ses ours. Je les regarde s’éloi¬

470 1379 1879 103 gner, le vieux nègre tout sec remorquant la maousse.

465 1475 1887 108 Quand ils ont disparu dans le brouillard, je sors le

468 1583 1317 105 Zippo de ma poche et je m’y mets.

585 1850 505 105 — Regarde!

549 1952 1793 106 Zéphyrin a mis du temps à me rejoindre. J’ai eu

465 2060 1877 89 tout le temps pour allumer les feux du navire. Nous

468 2163 1872 87 sommes au poste de commandement. En dessous de

463 2264 1877 86 nous, on peut distinguer, dans des bandes de brume

461 2359 1881 92 et de fumée, le capot rouillé de la 403. Le bébé tout

461 2467 1877 96 nu qui repose dans son moïse de chiffon au beau

458 2563 1877 103 milieu de mon bateau. Le vieux nègre frissonne. Je

461 2666 1870 100 sais à quoi il pense. L’âme de Cyanure rôde encore,

461 2769 1870 89 elle circule dans tout le navire; elle peut contaminer

461 2867 1748 91 les vivants et les entraîner avec elle dans la mort.

599 2963 1734 105 – T’inquiète! J’ai baigné le morpion, je l’ai

458 3068 1877 101 baptisé, on s’est causé et je l’ai nourri. J’ai tout

456 3169 896 89 fait bien comme il faut.

540 3265 1788 93 Je lui tends les jumelles. Pour qu’il voie comme

468 3365 1863 110 j’ai bien organisé le départ du trépassé. Maintenant

456 3466 1442 105 le chiard de la débile va nous protéger.

564 3569 477 105 — Regarde.

2235 3744 89 87 63
