2977 4210
720 392 539 103 Elle le coupe.

748 498 639 93 — Je m’en fous.

741 601 1810 98 — Vous ne voulez pas savoir? s’étonne-t-il

631 708 595 101 avec ingénuité.

809 813 1089 99 — Non. Gardez ça pour vous.

718 923 601 80 Il Veut ironiser.

812 1019 1729 103 C’est ça et je mets un mouchoir par-dessus.

716 1120 1495 91 Elle lui dit de faire comme il lui plaira.

734 1225 1573 98 — Vous vous foutez de retrouver Rémi?

791 1333 1586 98 — Dans quel film entend-on cette phrase?

713 1436 1835 100 Il lui demande de quoi elle parle. Alors, elle

622 1541 1929 103 répète la phrase mais Clotaire répond qu’il n’est

629 1644 822 100 pas très ferré en ciné.

758 1751 1303 99 — Le cinoche, c’est pas mon truc.

713 1857 1838 98 Le mot qu’il emploie lui fait horreur, ça veut

624 1957 1917 101 tout dire, pense-t-elle, le cinoche!... Mais bizarre¬

622 2065 1922 98 ment, elle n’en éprouve aucun mépris pour lui.

624 2163 1922 103 Elle s’en fiche, car elle voit clair à présent: elle se

627 2273 1921 105 souvient de l’origine des mots anglais et elle est

627 2373 1914 106 sûre que Philippe à réussi, qu’il a gagné. Cette

629 2476 1912 103 phrase, il l’a entendue dans Le Gaucher d’Arthur

629 2582 1917 91 Penn. La voix est celle de Paul Newman quand il

631 2687 1756 89 annonce, I go where Iwant, 1do what Iwant.

725 2792 1814 103 Les paroles s’envolent, songe Luna, elles vont par

631 2904 1913 94 monts et par vaux, parfois pour ne ren dire; il

634 3005 1900 96 arrive qu’elles se noient mais, de temps en temps.

636 3110 1898 84 elles demeurent car les mots sont aussi là pour dire.

730 3211 1809 86 Il a entendu la voix du Gaucher, le gamin, et ce

638 3316 1899 89 diable de Hérisson rouge est en train de faire pour

638 3419 1145 91 de vrai ce que disent les mots.
