2977 4210
585 587 1778 84 les mots... Ainsi, à l’âge de treize ans, je viens de

582 678 1779 91 finir mes Mémoires. Maux d’enfant, souvenirs d’en

585 778 1771 99 France... (Il ricana.) L’emmerdement pour vous,

585 877 1774 95 les psys, c’est d’avoir à traiter un handicapé mental

587 977 1774 87 avec un si gros Ql! Ici se termine la dernière bande

585 1071 1488 107 enregistrée par le petit Philippe Topineau.

674 1171 1689 96 Il écrasa son pétard, rembobina l’enregistrement

587 1272 1367 82 et inscrivit sur la cassette le numéro 7.

727 1361 993 98 — Voilà, dit-il, en se levant.

669 1459 1692 91 Il sortit sur le pont. L’aurore se levait. Philippe lui

594 1560 1769 84 tourna le dos et vit devant lui, à l’ouest, une ombre

596 1651 1767 100 glacée au large de laquelle le bateau dérivait. Le

596 1751 1767 85 front contre le vent qui soufflait de la côte, dans la

596 1847 1767 98 lumière froide, plein d’horreur et de pitié, il voguait

596 1943 1082 87 dans le jour hérissé d’oiseaux.

1476 2228 47 57 4

631 2416 1732 102 — Brouillard maudit! Misère de Dieu! C’est pas

603 2523 773 91 un jour à être patron!

685 2607 1676 99 A la barre de La Jarnigoine, François Ladou¬

599 2713 1771 81 ceur pestait à voix haute. Son ton traînant était

601 2806 1348 87 encore alourdi par l’accent québécois.

699 2902 1671 84 – Pour sûr, ronchonnait-il, le soleil va bientôt

603 3005 1760 87 se lever mais ce n’est pas pour ça, mon François,

606 3106 737 88 que tu verras mieux.

683 3190 1685 96 Ça se passait début novembre, au large des côtes

599 3288 1769 89 du Canada. Le chalutier faisait route vers les îles

601 3384 1769 93 de la Madeleine. La pêche n’avait pas été fameuse

601 3482 1767 108 et le bateau devait regagner Havre-Aubert pour
