2977 4210
802 467 1842 87 Le chien réussit à s’esbigner. Je souris aux deux

709 577 1935 96 autres: on s’est compris, mais que peuvent-ils lui

709 678 955 86 dire à ce brave homme ?

798 792 1062 75 Le curé se tourne vers eux.

821 881 1814 103 – Vous devez mourir de faim, les gars! Un bon

706 994 1119 86 chocolat, ça vous remettra...

795 1099 1844 86 Je me détourne, peut-être pour lui cacher mon

709 1202 1923 103 Visage triomphant. Et aussi parce que, au loin, je

706 1309 644 94 peux voir la mer.

798 1618 929 91 Une pause sur la bande.

793 1728 1835 96 Le bruit d’une toux, quelques crachotements.

702 1826 1380 105 Ensuite la voix de Philippe reprend.

791 2147 1832 86 Le château du curé est une vieille masure en gra¬

697 2252 1924 100 nit adossée à une toute petite église de campagne,

699 2355 1924 103 plutôt une chapelle. Autour, deux ou trois fermes

699 2462 1922 89 abandonnées, deux ou trois granges au toit effondré.

784 2568 1841 86 On s’installe autour de la table du curé qui a sorti

697 2671 1928 100 le beurre, la miche de pain et, bien sûr, le pot de

695 2771 1930 101 miel. Je suis déjà dans les bras de la gouvernante du

695 2879 1926 93 curé. Ma fidèle gouvernante, c’est comme ça qu’il

695 2986 1921 89 nous l’a présentée, le vieux salingue. Sa domes-

697 3096 1924 96 tique est une robuste Bretonne d’âge canonique,

697 3197 1921 103 laide comme un pou. Moi, ça me dérange pas. J’ai

697 3304 1921 99 jamais vu un morbac mais je suis sûr que je les

692 3410 1924 93 aime autant que les rats. Je regarde la servante avec

697 3508 1182 93 des yeux émerveillés. Elle dit:

812 3613 1802 105 — Tu as la tête d’un ange du bon Dieu, mon petit.

688 3798 147 91 262
