2977 4210
774 526 1849 105 trois semaines, et chaque fois tu voudrais que je me

919 423 1706 96 — Tu viens, tu t’installes et après tu disparais

777 615 1844 110 pâme. Dégage ! Se tournant vers Clotaire aba¬

772 725 1849 95 sourdi : Laissez, je rangerai, mais soyez gentil,

772 825 1643 94 emmenez votre ami, je ne veux plus le voir.

856 921 1767 98 Celui-ci se dirige vers la porte mais Rémi, qui ne

769 1019 1849 103 se tient pas pour battu, veut prendre la fille dans ses

772 1120 1846 105 bras. Elle a prévu le coup et son galant rencontre

769 1218 293 89 le vide.

872 1312 1068 110 — Ma petite Chloé, dit-il...

901 1424 1708 98 — Tu es trop nul, c’est fini-n, i, ni... Marre, ras

769 1522 1847 101 le béret, compris? Maintenant, je fais comme toi,

772 1625 1844 101 les mecs, je les prends et je les jette! Comme des

772 1719 374 95 Kleenex!

851 1819 1760 108 Elle le prend par les épaules et le pousse sur le

777 1920 241 110 palier.

905 2020 1117 103 — Allez, zou, ripe tes gaules !

856 2126 1299 86 Clotaire prend son ami par le bras.

894 2221 1198 96 — Viens Rémi, on va chez moi.

870 2317 1638 106 – Mon pauvre, murmure la fille avec pitié.

854 2420 1757 103 Elle claque la porte. Ce qui fait ricaner Rémi.

901 2518 1713 101 — T’inquiète, fait-il avec insouciance. Chloé est

779 2626 1835 89 toujours mal lunée, le matin. Dans la journée, elle va

777 2727 1689 86 oublier. Ce soir, tu verras, ça sera comme avant.

854 2825 1753 100 Qui cherche-t-il à convaincre? s’interroge Clo¬

781 2925 1830 94 taire, lui ou moi? Il lui demande s’il rigole. Rémi

779 3024 1205 93 éclate de rire et dévale l’escalier.

887 3127 1720 105 — Tu as raison, fripouille. Une de perdue, dix

781 3237 1823 86 de retrouvées... En tout cas c’est chiant parce que

784 3337 1476 101 je ne sais plus où crécher en ce moment.

861 3438 1741 105 Alors, Clotaire, bon zigue, l’invite à partager son

781 3543 1819 108 paradis antillais. Lorsqu’ils traversent le marché

779 3721 89 100 96
