2977 4210
461 395 1856 86 Il vit dans son monde, parfois ses contacts avec le

463 498 1851 91 réel sont assez brutaux... À propos, il y a un truc,

458 601 1859 84 mais c’est vraiment en cas d’urgence. Si jamais il

463 706 1851 93 s’énerve trop et que vous n’arriviez pas à le calmer,

456 799 1853 106 il suffit de l’empoigner par les cheveux, ferme¬

456 909 1853 96 ment, comme ça (elle mimait l’action sur Clotaire),

451 1008 1856 93 et de le regarder bien dans les yeux. Vous lui dites:

461 1110 1387 108 «Bon, ça suffit, Philippe, calme-toi»

557 1220 1713 96 – Ça ne va pas contre tes principes, ce truc-là?“

451 1321 1519 101 a fait remarquer Rémi d’un ton narquois.

528 1419 1779 101 Elle l’a regardé dans les yeux. "Mon petit vieux,

451 1529 1851 87 la folie, ça existe, a-t-elle dit d’une voix très calme...

449 1634 1856 99 Et ce gamin, il a besoin qu’on lui montre la ligne

444 1733 1512 93 de démarcation. Autrement il est paumé.“

526 1840 604 84 Clotaire a souri.

549 1941 1756 89 "En somme, Luna, vous nous donnez le mode

444 2039 393 105 d’emploi?

547 2142 1748 100 – Pour l’instant, le bâton, fit Rémi gouailleur.

442 2250 1556 88 Pour le miel, il faudra attendre le cureton.“

521 2352 1781 101 À son habitude, il ne pouvait qu’apporter sa

439 2453 1863 108 propre conclusion. Elle préféra couper court à la

437 2561 410 86 discussion.

557 2656 1710 103 “Tu m’épuises. Je vais me coucher. Vous, Clovis...“

517 2766 753 92 Rémi l’interrompit:

557 2867 1731 105 “Tu te trompes de génération, ma toute belle.

528 2970 450 100 — Pardon?

521 3073 1765 103 – Clovis, roi des Francs, était tout à fait blanc.

435 3187 1367 99 Le pauvre Clotaire n’est que son fils.

571 3288 1713 98 – Excusez-moi, Clotaire“, a dit Luna excédée.

428 3391 1856 103 Et, lui montrant le canapé: “Vous pouvez dormir

428 3503 695 94 lCi, si vous voulez.“

2160 3688 131 86 105
