2977 4210
713 484 1809 100 J’espère que je ne t’ai pas trop choquée! Mais,

617 591 1908 101 rassure-toi, ma Lune, c’est moi qui l’ai provoqué,

620 687 395 91 ton Rémi.

709 788 1809 100 C’est un faible, mou et pervers, donc influen¬

617 893 1903 110 çable. Moi, je suis balèze, beaucoup plus dépravé

615 1003 1907 89 et Vicieux que lui. En plus, 1’ai des talents cachés.

617 1103 1908 101 Je t’assure, il a été totalement incapable de me

615 1209 1027 98 résister, ce Fromage blanc.

704 1312 1823 88 EVidemment, avec ta science, tes notions à la

613 1417 1909 96 mords-moi-le-nœud, tu me diras que c’était une

617 1520 1262 98 façon de faire l’amour avec toi...

709 1623 358 93 Mettons.

706 1726 1809 103 De toute façon, je te fais confiance, tu arrangeras

610 1831 1908 100 ma confession à ta sauce psychololo. J’en ai rien à

615 1938 489 89 foutre, moi !

1085 2065 859 86 Le vaisseau des pirates

1090 2165 763 89 Toutes voiles dehors

1085 2278 969 91 M’emporte vers mon sort.

702 2402 1811 93 Je m’en retourne chez moi, je vais au pays des

613 2502 1161 101 Indiens, l’avenir m’appartient.

704 2600 1814 103 I go where Iwant Ido what Iwant, comme disait

617 2706 288 88 l’autre.

702 2813 1809 94 Maintenant, c’est à moi d’aller où je veux et vous,

620 2916 1884 101 vous voulez le savoir?... Eh bien, vous, vous pou¬

622 3026 627 89 vez tous crever!

711 3281 1608 96 C’est l’été indien, la chaleur est étonnante.

709 3393 1799 101 Je viens de faire le point: je serai bientôt au large

617 3489 934 94 des îles de la Madeleine.

709 3594 688 103 Le Canada enfin!

613 3774 138 87 294
