2977 4210
428 514 1931 103 ment dangereux! (Je n’en peux plus de rire.) C’est

552 411 1797 98 – Tu te rends pas compte, mec! Je suis réelle¬

430 624 1538 87 drôle, tu es vraiment inconscient pour...

535 720 1203 103 — Pour quoi? braille le nègre.

575 830 1393 98 — Pour un infirmier, dis-je sournois.

503 935 1280 101 Rémi amusé entre dans mon jeu.

512 1045 1840 101 – On ne peut pas dire que tu comprennes

421 1148 1736 103 l’humour... A part peut-être l’humour noir...

500 1258 1847 98 Clotaire secoue la tête d’un air las pour se dis-

418 1365 1931 106 penser de répondre. Ça me met en rage et je flanque

421 1482 1535 94 un coup de poing sur l’épaule du Blanc.

514 1576 1833 100 — Dis donc, toi, t’es un enculé de raciste ou

414 1684 1933 105 quoi? Cloclo, c’est mon pote!... Y restera avec

411 1789 1246 96 moi chez le curé! Hein Cloclo ?

507 1899 1835 103 — Bien sûr, bien sûr, fait le Black sans enthou¬

411 2016 291 81 Siasme.

491 2116 1849 101 ll adresse un regard d’avertissement à son col¬

407 2226 1928 103 lègue. Je surprends leur échange muet, me ren¬

404 2329 1931 103 cogne à l’arrière et ne dit plus mot. Noir ou Blanc,

404 2439 1529 101 ces deux-là ne sont que des enfoirés!...

475 2769 1867 100 La voix s’interrompt et, assorti d’un bruit de mer

395 2879 1945 91 fendue par l’étrave du bateau, un concert de cris

390 2989 1035 91 de mouettes fait diversion.

493 3092 1852 109 – Heureusement, dit Clotaire, ce salopard a

383 3211 1959 103 fini par s’endormir... Il faisait sans doute de

379 3323 1961 103 mauvais rêves, on le sentait frémir dans son

383 3435 370 99 sommeil.

2211 3845 138 91 137
