2977 4210
489 481 1884 103 pourra t’avancer mille francs pour le voyage et on

627 376 1748 87 “Si tu as besoin de fric, ça tombe bien... on

489 584 1058 87 te remboursera l’essence...“

580 687 1783 105 L’autre l’interrompt, j’imagine qu’il doit rous¬

486 795 1601 89 cailler et discuter le montant de la somme.

636 898 1732 98 “Tu sais qu’on ne roule pas sur l’or, dit Luna.

491 1005 1882 89 Mille balles pour deux jours de tourisme, ce n’est

493 1108 457 101 pas si mal!“

580 1209 732 93 Encore un silence.

617 1319 1171 100 “Ecoute, je suis très occupée...“

580 1426 1793 103 Une autre interruption mais, à son tour, Luna

489 1536 940 82 coupe son interlocuteur.

608 1627 1760 106 “Oui, Rémi, mes débiles. Encore mes débiles,

484 1737 1886 106 toujours mes débiles. Et précisément ce môme que

486 1850 1147 95 tu m’as promis de convoyer!“

575 1950 1798 89 Elle est hors d’elle. Je n’ai jamais vu son mec

484 2058 1886 89 mais je me demande ce qu’elle peut lui trouver.

613 2158 1760 106 “Non, Rémi, pas un Ql de poulet!... 130, ça te

489 2259 1884 107 va? (Elle élève la voix.) 130! un QI de 130, oui! Si

489 2376 1416 100 ça peut vouloir dire quelque chose...“

578 2474 690 89 Nouveau silence.

615 2582 1758 103 “Si tu es jaloux, je t’assure qu’il n’y a pas de

482 2692 1893 100 quoi... Oui, je m’intéresse à toi, quoi que tu en

482 2792 1891 101 dises, et il me semble que je l’ai assez prouvé. Je

484 2900 1884 86 te prends comme tu es, le moyen de faire autre¬

482 3005 1888 94 ment? Mais je voudrais qu’un jour tu m’étonnes,

484 3110 1187 98 Rémi... Oui, simplement ça...“

571 3211 1806 100 C'est à ce moment-là qu’elle se retourne. Elle

482 3316 1886 101 me voit dans l’encadrement de la porte. Je suis tel¬

482 3419 1277 105 lement furieux que j’en bafouille.

608 3524 740 108 — C’est ton jules?

2291 3744 86 54 81
