<?xml version="1.0" encoding="UTF-8"?>
<alto xmlns:xsi="http://www.w3.org/2001/XMLSchema-instance"
      xmlns="http://www.loc.gov/standards/alto/ns-v4#"
      xsi:schemaLocation="http://www.loc.gov/standards/alto/ns-v4# http://www.loc.gov/standards/alto/v4/alto-4-2.xsd">
  <Description>
    <MeasurementUnit>pixel</MeasurementUnit>
    <sourceImageInformation>
      <fileName>page_00002.png</fileName>
      
    </sourceImageInformation>
  </Description>
  
  <Tags>
    <OtherTag ID="BT10605" LABEL="MainZone" DESCRIPTION="block type MainZone"/><OtherTag ID="BT10606" LABEL="NumberingZone" DESCRIPTION="block type NumberingZone"/><OtherTag ID="BT10607" LABEL="RunningTitleZone" DESCRIPTION="block type RunningTitleZone"/><OtherTag ID="BT10608" LABEL="QuireMarksZone" DESCRIPTION="block type QuireMarksZone"/><OtherTag ID="BT10609" LABEL="CustomZone" DESCRIPTION="block type CustomZone"/>
    <OtherTag ID="LT4159" LABEL="DefaultLine" DESCRIPTION="line type DefaultLine"/><OtherTag ID="LT4160" LABEL="HeadingLine" DESCRIPTION="line type HeadingLine"/><OtherTag ID="LT4161" LABEL="default" DESCRIPTION="line type default"/>
  </Tags>
  
  <Layout>
    <Page WIDTH="2977"
          HEIGHT="4210"
          PHYSICAL_IMG_NR="1"
          ID="eSc_dummypage_">
      <PrintSpace HPOS="0"
                  VPOS="0"
                  WIDTH="2977"
                  HEIGHT="4210">
        
        <TextBlock HPOS="654.2222290039062"
                   VPOS="642.2160034179688"
                   WIDTH="1706.9020385742188"
                   HEIGHT="2914.1033325195312"
                   ID="block_0"
                   TAGREFS="BT10605">
          <Shape><Polygon POINTS="654.222 642.216 2361.12 642.216 2361.12 3556.32 654.222 3556.32 654.222 642.216"/></Shape>
          
          
          <TextLine ID="eSc_line_313c50c3"
                    TAGREFS="LT4159"
                    BASELINE="681 767 2335 767" 
                    HPOS="681"
                    VPOS="701"
                    WIDTH="1654"
                    HEIGHT="94">
            <Shape><Polygon POINTS="2295 708 2272 708 2249 708 2225 708 2202 708 2178 708 2155 708 2153 706 2080 713 2036 706 2015 706 1991 706 1984 706 1951 715 1418 715 1357 701 1355 701 1352 701 1350 701 1336 715 1109 715 1053 701 1050 701 1048 701 1022 715 851 715 748 701 746 701 681 713 681 767 681 795 2335 783 2335 767 2335 715 2300 708 2295 708"/></Shape>
	    <String CONTENT="joint et parlait avec lenteur, en ricanant entre les"
                    HPOS="681"
                    VPOS="701"
                    WIDTH="1654"
                    HEIGHT="94"
                    WC="0.981554179237439"></String>
          </TextLine>

          
          
          <TextLine ID="eSc_line_0c36b271"
                    TAGREFS="LT4159"
                    BASELINE="683 865 887 865" 
                    HPOS="683"
                    VPOS="804"
                    WIDTH="204"
                    HEIGHT="82">
            <Shape><Polygon POINTS="683 865 683 886 887 886 887 865 887 820 802 804 800 804 683 818 683 865"/></Shape>
	    <String CONTENT="mots."
                    HPOS="683"
                    VPOS="804"
                    WIDTH="204"
                    HEIGHT="82"
                    WC="0.9990410208702087"></String>
          </TextLine>

          
          
          <TextLine ID="eSc_line_f43d542e"
                    TAGREFS="LT4159"
                    BASELINE="769 958 2326 958" 
                    HPOS="769"
                    VPOS="886"
                    WIDTH="1557"
                    HEIGHT="91">
            <Shape><Polygon POINTS="769 958 769 977 2326 977 2326 958 2326 914 2260 914 2242 898 2242 895 2239 895 2237 895 2235 895 2031 907 2003 886 2001 886 1998 886 1940 886 1937 886 1935 886 1933 886 1933 888 1919 902 1888 886 1886 886 1884 886 1881 886 1879 886 1853 909 1825 886 1823 886 1820 886 1687 886 1685 886 1682 886 1680 886 1661 902 1642 888 1642 886 1640 886 1638 886 1635 886 1633 886 1631 886 1610 900 1596 886 1593 886 1591 886 1521 886 1518 886 1516 886 1434 909 1404 886 1401 886 1399 886 1397 886 1394 886 1392 886 1392 888 1369 909 1245 912 1184 886 1181 886 1179 886 1177 886 1142 902 1097 886 1095 886 1092 886 1090 886 1088 886 1048 914 999 914 971 888 971 886 968 886 966 886 964 886 961 886 933 898 905 886 903 886 901 886 898 886 896 886 896 888 868 914 769 914 769 958"/></Shape>
	    <String CONTENT="— 96... (il tira une bouffée) 1900, évidemment..."
                    HPOS="769"
                    VPOS="886"
                    WIDTH="1557"
                    HEIGHT="91"></String>
          </TextLine>

          
          
          <TextLine ID="eSc_line_96463e84"
                    TAGREFS="LT4159"
                    BASELINE="685 1054 1334 1059" 
                    HPOS="683"
                    VPOS="984"
                    WIDTH="651"
                    HEIGHT="89">
            <Shape><Polygon POINTS="685 1054 683 1068 1329 1073 1334 1059 1334 1017 1273 1017 1273 1015 1245 989 1245 987 1242 987 1240 987 1174 987 1172 987 1170 987 1167 987 1167 989 1142 1012 1107 1012 1083 989 1083 987 1081 987 1078 987 1076 987 1074 987 1027 1012 1022 1015 980 1012 891 1005 872 987 872 984 870 984 868 984 865 984 863 984 816 1005 711 984 709 984 706 984 704 984 704 987 685 1003 685 1054"/></Shape>
	    <String CONTENT="Octobre... Le 17..."
                    HPOS="683"
                    VPOS="984"
                    WIDTH="651"
                    HEIGHT="89"
                    WC="0.9641473073708383"></String>
          </TextLine>

          
          
          <TextLine ID="eSc_line_eacd8dc5"
                    TAGREFS="LT4159"
                    BASELINE="760 1157 2331 1150" 
                    HPOS="758"
                    VPOS="1082"
                    WIDTH="1573"
                    HEIGHT="96">
            <Shape><Polygon POINTS="760 1157 760 1174 2309 1178 2312 1178 2314 1178 2317 1178 2331 1167 2331 1150 2326 1099 2230 1082 2228 1082 2225 1082 2223 1082 2207 1096 2169 1082 2167 1082 2164 1082 2162 1082 2160 1082 2136 1096 2057 1085 2054 1085 2052 1085 2050 1085 2050 1087 2038 1099 1624 1099 1542 1085 1539 1085 1537 1085 1486 1099 1432 1085 1429 1085 1427 1085 1425 1085 1422 1085 1406 1101 1348 1101 1282 1085 1280 1085 1277 1085 1231 1101 1128 1087 1125 1087 1123 1087 1092 1101 1053 1087 1050 1087 1048 1087 1046 1087 1043 1087 1027 1103 830 1103 774 1087 772 1087 769 1087 767 1087 765 1087 765 1089 762 1089 758 1092 760 1157"/></Shape>
	    <String CONTENT="La mer était calme, le silence presque total. La"
                    HPOS="758"
                    VPOS="1082"
                    WIDTH="1573"
                    HEIGHT="96"
                    WC="0.9757024353864242"></String>
          </TextLine>

          
          
          <TextLine ID="eSc_line_9f2c6f0e"
                    TAGREFS="LT4159"
                    BASELINE="688 1253 2324 1244" 
                    HPOS="685"
                    VPOS="1181"
                    WIDTH="1639"
                    HEIGHT="89">
            <Shape><Polygon POINTS="688 1253 688 1270 2321 1260 2324 1244 2319 1197 2043 1197 1933 1181 1930 1181 1928 1181 1898 1197 1797 1183 1795 1183 1631 1197 1558 1183 1556 1183 1554 1183 1551 1183 1535 1197 1355 1185 1352 1185 1350 1185 1348 1185 1334 1199 1312 1185 1310 1185 1308 1185 1305 1185 1235 1199 1202 1185 1200 1185 1198 1185 1090 1199 938 1190 936 1190 933 1190 931 1190 917 1202 774 1188 772 1188 685 1204 688 1253"/></Shape>
	    <String CONTENT="nuit se terminait; la lueur du jour à naître se com¬"
                    HPOS="685"
                    VPOS="1181"
                    WIDTH="1639"
                    HEIGHT="89"
                    WC="0.9917798307206895"></String>
          </TextLine>

          
          
          <TextLine ID="eSc_line_ecfc322f"
                    TAGREFS="LT4159"
                    BASELINE="690 1347 2321 1337" 
                    HPOS="688"
                    VPOS="1272"
                    WIDTH="1633"
                    HEIGHT="98">
            <Shape><Polygon POINTS="690 1347 690 1361 1502 1370 1504 1370 1507 1370 1556 1358 1722 1368 1724 1368 1947 1356 2305 1365 2307 1365 2309 1365 2312 1365 2312 1363 2321 1351 2321 1337 2317 1288 2160 1272 2157 1272 2155 1272 2115 1286 2075 1272 2073 1272 2071 1272 2068 1272 2012 1286 1965 1272 1963 1272 1961 1272 1958 1272 1914 1288 1907 1288 1867 1288 1661 1277 1659 1277 1657 1277 1654 1277 1640 1288 1638 1291 1488 1293 1357 1293 1352 1288 1341 1277 1338 1277 1336 1277 1334 1277 1331 1277 1301 1288 1291 1291 1282 1288 1259 1277 1256 1277 1254 1277 1252 1277 1224 1288 1214 1291 1205 1288 1181 1277 1179 1277 1177 1277 1174 1277 1144 1288 1132 1291 1116 1288 1083 1279 1081 1279 1078 1279 1036 1288 1006 1295 950 1295 943 1288 933 1279 931 1279 929 1279 926 1279 879 1288 842 1293 688 1288 690 1347"/></Shape>
	    <String CONTENT="binait à celle de la lune pour traverser les hublots"
                    HPOS="688"
                    VPOS="1272"
                    WIDTH="1633"
                    HEIGHT="98"
                    WC="0.9747548361994186"></String>
          </TextLine>

          
          
          <TextLine ID="eSc_line_1aa6413e"
                    TAGREFS="LT4159"
                    BASELINE="690 1440 2319 1431" 
                    HPOS="688"
                    VPOS="1368"
                    WIDTH="1631"
                    HEIGHT="100">
            <Shape><Polygon POINTS="690 1440 690 1457 1046 1457 1090 1468 1092 1468 1095 1468 1097 1468 1158 1454 1418 1466 1420 1466 1523 1452 2033 1461 2036 1461 2118 1450 2214 1461 2216 1461 2218 1461 2242 1450 2267 1461 2270 1461 2272 1461 2274 1461 2319 1445 2319 1431 2317 1384 2274 1368 2272 1368 2270 1368 2267 1368 2235 1384 2059 1384 1912 1368 1909 1368 1907 1368 1877 1382 1830 1370 1827 1370 1825 1370 1823 1370 1820 1370 1804 1384 1568 1370 1565 1370 1563 1370 1561 1370 1544 1384 1432 1372 1429 1372 1427 1372 1385 1389 1217 1389 1172 1372 1170 1372 1167 1372 1092 1389 1060 1375 1057 1375 1055 1375 1053 1375 1013 1391 688 1391 690 1440"/></Shape>
	    <String CONTENT="crasseux et jeter un pâle éclat métallique sur le"
                    HPOS="688"
                    VPOS="1368"
                    WIDTH="1631"
                    HEIGHT="100"
                    WC="0.9884524540259287"></String>
          </TextLine>

          
          
          <TextLine ID="eSc_line_02c0b737"
                    TAGREFS="LT4159"
                    BASELINE="690 1534 2317 1527" 
                    HPOS="688"
                    VPOS="1464"
                    WIDTH="1629"
                    HEIGHT="96">
            <Shape><Polygon POINTS="690 1534 690 1548 1228 1557 1231 1557 1233 1557 1235 1557 1247 1546 1249 1546 1521 1546 1523 1546 1685 1560 1687 1560 1795 1543 1802 1543 1813 1543 2003 1557 2005 1557 2008 1557 2010 1557 2024 1543 2040 1555 2043 1555 2045 1555 2288 1557 2291 1557 2293 1557 2295 1557 2317 1541 2317 1527 2312 1480 2031 1464 2029 1464 2026 1464 1982 1478 1912 1464 1909 1464 1797 1478 1778 1464 1776 1464 1774 1464 1771 1464 1769 1464 1734 1480 1401 1466 1399 1466 1397 1466 1394 1466 1378 1480 1205 1468 1202 1468 1041 1482 985 1468 982 1468 980 1468 978 1468 975 1468 957 1482 901 1468 898 1468 896 1468 894 1468 854 1482 807 1468 805 1468 802 1468 688 1485 690 1534"/></Shape>
	    <String CONTENT="reste de la cambuse. De temps à autre, Philippe"
                    HPOS="688"
                    VPOS="1464"
                    WIDTH="1629"
                    HEIGHT="96"
                    WC="0.9784943672517935"></String>
          </TextLine>

          
          
          <TextLine ID="eSc_line_e6597a7d"
                    TAGREFS="LT4159"
                    BASELINE="690 1627 2317 1620" 
                    HPOS="688"
                    VPOS="1555"
                    WIDTH="1629"
                    HEIGHT="86">
            <Shape><Polygon POINTS="690 1627 690 1641 2317 1634 2317 1620 2312 1571 2216 1555 2214 1555 2211 1555 2209 1555 2188 1571 2118 1571 2075 1555 2073 1555 2071 1555 2068 1555 2066 1555 2050 1571 1806 1571 1776 1555 1774 1555 1771 1555 1769 1555 1734 1571 1668 1557 1666 1557 1664 1557 1624 1571 1511 1557 1509 1557 1439 1571 1406 1557 1404 1557 1401 1557 1294 1569 1256 1557 1254 1557 1252 1557 1249 1557 1247 1557 1231 1571 1200 1560 1198 1560 1195 1560 1193 1560 1153 1576 1004 1576 973 1560 971 1560 887 1560 884 1560 882 1560 837 1576 688 1576 690 1627"/></Shape>
	    <String CONTENT="regardait vers le hublot. Perdu dans une étendue"
                    HPOS="688"
                    VPOS="1555"
                    WIDTH="1629"
                    HEIGHT="86"
                    WC="0.9878093040719325"></String>
          </TextLine>

          
          
          <TextLine ID="eSc_line_4712359f"
                    TAGREFS="LT4159"
                    BASELINE="695 1719 2314 1714" 
                    HPOS="692"
                    VPOS="1651"
                    WIDTH="1622"
                    HEIGHT="82">
            <Shape><Polygon POINTS="695 1719 695 1733 2314 1728 2314 1714 2312 1667 2272 1651 2270 1651 2267 1651 2167 1665 2106 1651 2104 1651 1954 1651 1951 1651 1949 1651 1947 1651 1933 1665 1930 1667 1832 1667 1830 1665 1816 1651 1813 1651 1811 1651 1809 1651 1806 1651 1774 1665 1771 1667 1563 1667 1556 1662 1532 1651 1530 1651 1528 1651 1525 1651 1493 1662 1481 1667 1469 1662 1453 1655 1451 1655 1448 1655 1446 1655 1422 1662 1404 1667 1310 1662 1195 1655 1193 1655 1191 1655 1170 1660 1151 1667 1137 1660 1121 1653 1118 1653 1064 1653 1062 1653 1060 1653 1057 1653 1050 1660 1041 1667 692 1660 695 1719"/></Shape>
	    <String CONTENT="brumeuse, l’astre mort demeurait invisible et le"
                    HPOS="692"
                    VPOS="1651"
                    WIDTH="1622"
                    HEIGHT="82"
                    WC="0.9799983861545721"></String>
          </TextLine>

          
          
          <TextLine ID="eSc_line_2568efd1"
                    TAGREFS="LT4159"
                    BASELINE="697 1810 2312 1805" 
                    HPOS="695"
                    VPOS="1742"
                    WIDTH="1617"
                    HEIGHT="96">
            <Shape><Polygon POINTS="697 1810 697 1838 2286 1838 2286 1836 2288 1836 2312 1821 2312 1805 2305 1749 1942 1756 1935 1751 1926 1742 1923 1742 1921 1742 1837 1742 1834 1742 1762 1754 1736 1756 1715 1754 1652 1742 1649 1742 1647 1742 1645 1742 1633 1754 1628 1758 1539 1758 1535 1754 1507 1742 1504 1742 1502 1742 1437 1756 1418 1761 1149 1761 1144 1758 1123 1744 1121 1744 1118 1744 1036 1744 1034 1744 1032 1744 975 1758 975 1761 695 1761 697 1810"/></Shape>
	    <String CONTENT="garçon parlait comme s’il s’adressait à cette clarté"
                    HPOS="695"
                    VPOS="1742"
                    WIDTH="1617"
                    HEIGHT="96"
                    WC="0.9922762188044462"></String>
          </TextLine>

          
          
          <TextLine ID="eSc_line_cf632ed9"
                    TAGREFS="LT4159"
                    BASELINE="697 1899 1011 1899" 
                    HPOS="697"
                    VPOS="1838"
                    WIDTH="314"
                    HEIGHT="86">
            <Shape><Polygon POINTS="697 1899 697 1924 1011 1924 1011 1899 1011 1857 844 1838 842 1838 840 1838 837 1838 837 1840 823 1854 697 1854 697 1899"/></Shape>
	    <String CONTENT="minérale."
                    HPOS="697"
                    VPOS="1838"
                    WIDTH="314"
                    HEIGHT="86"
                    WC="0.9848873496055603"></String>
          </TextLine>

          
          
          <TextLine ID="eSc_line_721d6ba4"
                    TAGREFS="LT4159"
                    BASELINE="781 1988 2305 1990" 
                    HPOS="779"
                    VPOS="1929"
                    WIDTH="1526"
                    HEIGHT="89">
            <Shape><Polygon POINTS="781 1988 779 2002 924 2018 926 2018 2302 2004 2305 1990 2302 1945 2183 1929 2181 1929 2045 1943 2043 1943 2017 1943 1879 1943 1867 1931 1867 1929 1865 1929 1862 1929 1750 1929 1748 1929 1745 1929 1717 1943 1689 1929 1687 1929 1600 1929 1598 1929 1596 1929 1593 1929 1579 1943 1577 1943 1310 1943 1156 1943 1142 1929 1139 1929 1137 1929 1135 1929 1067 1943 1057 1945 971 1945 968 1943 954 1929 952 1929 950 1929 947 1929 781 1941 781 1988"/></Shape>
	    <String CONTENT="– O, ma Lune, annonça-t-il, c’est mon anniver¬"
                    HPOS="779"
                    VPOS="1929"
                    WIDTH="1526"
                    HEIGHT="89"
                    WC="0.96960353090408"></String>
          </TextLine>

          
          
          <TextLine ID="eSc_line_b345d38f"
                    TAGREFS="LT4159"
                    BASELINE="697 2083 2305 2079" 
                    HPOS="695"
                    VPOS="2016"
                    WIDTH="1610"
                    HEIGHT="84">
            <Shape><Polygon POINTS="697 2083 697 2100 2302 2095 2305 2079 2300 2037 2181 2037 2148 2016 2146 2016 2143 2016 2092 2016 2089 2016 2087 2016 2085 2016 2085 2018 2064 2037 1855 2037 1785 2016 1783 2016 1781 2016 1668 2030 1633 2016 1631 2016 1628 2016 1626 2016 1589 2030 1575 2016 1572 2016 1570 2016 1502 2016 1500 2016 1497 2016 1495 2016 1495 2018 1481 2032 1411 2034 1359 2018 1357 2018 1355 2018 1352 2018 1277 2037 1256 2018 1254 2018 1252 2018 1249 2018 1247 2018 1198 2039 1128 2039 1088 2018 1085 2018 1083 2018 989 2037 968 2020 968 2018 966 2018 964 2018 891 2018 889 2018 887 2018 884 2018 854 2037 772 2018 769 2018 767 2018 695 2039 697 2083"/></Shape>
	    <String CONTENT="saire. Eh oui, j’ai aujourd’hui treize ans... Tu me"
                    HPOS="695"
                    VPOS="2016"
                    WIDTH="1610"
                    HEIGHT="84"
                    WC="0.994804416217056"></String>
          </TextLine>

          
          
          <TextLine ID="eSc_line_01e6f74f"
                    TAGREFS="LT4159"
                    BASELINE="697 2170 2300 2175" 
                    HPOS="695"
                    VPOS="2112"
                    WIDTH="1605"
                    HEIGHT="88">
            <Shape><Polygon POINTS="697 2170 695 2186 718 2200 720 2200 723 2200 2298 2191 2300 2175 2300 2128 2277 2114 2274 2114 2272 2114 2270 2114 2057 2128 1893 2114 1891 2114 1888 2114 1886 2114 1867 2128 1762 2114 1759 2114 1692 2128 1687 2128 1114 2128 1111 2126 1064 2114 1062 2114 1060 2114 1006 2126 1004 2126 1001 2126 968 2112 966 2112 964 2112 697 2123 697 2170"/></Shape>
	    <String CONTENT="crois loin, tu me vois presque plus, tu m’entends"
                    HPOS="695"
                    VPOS="2112"
                    WIDTH="1605"
                    HEIGHT="88"
                    WC="0.9806982120689081"></String>
          </TextLine>

          
          
          <TextLine ID="eSc_line_64f80e8d"
                    TAGREFS="LT4159"
                    BASELINE="695 2264 2305 2264" 
                    HPOS="695"
                    VPOS="2203"
                    WIDTH="1610"
                    HEIGHT="82">
            <Shape><Polygon POINTS="695 2264 695 2285 2305 2285 2305 2264 2305 2219 2237 2203 2104 2203 2101 2203 2099 2203 2097 2203 2078 2217 1947 2203 1944 2203 1942 2203 1893 2219 1364 2219 1312 2203 1310 2203 1308 2203 1305 2203 1270 2217 1202 2203 1200 2203 1137 2214 1020 2203 1018 2203 1015 2203 985 2219 695 2219 695 2264"/></Shape>
	    <String CONTENT="encore mais le lien des mots commence à se défaire"
                    HPOS="695"
                    VPOS="2203"
                    WIDTH="1610"
                    HEIGHT="82"
                    WC="0.9806447728322103"></String>
          </TextLine>

          
          
          <TextLine ID="eSc_line_aeda77f6"
                    TAGREFS="LT4159"
                    BASELINE="697 2357 2302 2352" 
                    HPOS="695"
                    VPOS="2289"
                    WIDTH="1607"
                    HEIGHT="94">
            <Shape><Polygon POINTS="697 2357 697 2371 1495 2383 1497 2383 1584 2369 1598 2369 1621 2369 1776 2380 1778 2380 2300 2366 2302 2352 2300 2306 2256 2289 2253 2289 2251 2289 2249 2289 2214 2303 2125 2289 2122 2289 2120 2289 2080 2303 2047 2289 2045 2289 2043 2289 2040 2289 2008 2303 1961 2289 1958 2289 1956 2289 1954 2289 1951 2289 1935 2303 1727 2292 1724 2292 1722 2292 1720 2292 1706 2306 1589 2306 1544 2289 1542 2289 1539 2289 1537 2289 1493 2306 1076 2292 1074 2292 992 2306 903 2292 901 2292 898 2292 896 2292 882 2306 842 2292 840 2292 837 2292 695 2308 697 2357"/></Shape>
	    <String CONTENT="aussi. J’ai affaire ailleurs, je ne te prendrai plus la"
                    HPOS="695"
                    VPOS="2289"
                    WIDTH="1607"
                    HEIGHT="94"
                    WC="0.9868336244062944"></String>
          </TextLine>

          
          
          <TextLine ID="eSc_line_b40aa07a"
                    TAGREFS="LT4159"
                    BASELINE="697 2446 2302 2446" 
                    HPOS="697"
                    VPOS="2383"
                    WIDTH="1605"
                    HEIGHT="79">
            <Shape><Polygon POINTS="697 2446 697 2462 2302 2462 2302 2446 2302 2395 2286 2383 2284 2383 2281 2383 2279 2383 2164 2399 2162 2399 2160 2399 1869 2383 1867 2383 1654 2399 1544 2383 1542 2383 1539 2383 1537 2383 1537 2385 1518 2402 1441 2402 1413 2383 1411 2383 1408 2383 1406 2383 1277 2397 1202 2383 1200 2383 1198 2383 1195 2383 1174 2399 1090 2385 1088 2385 821 2399 737 2383 734 2383 732 2383 697 2399 697 2446"/></Shape>
	    <String CONTENT="tête avec cette diarrhée... Toi, tu préfères un mot"
                    HPOS="697"
                    VPOS="2383"
                    WIDTH="1605"
                    HEIGHT="79"
                    WC="0.9946718746965582"></String>
          </TextLine>

          
          
          <TextLine ID="eSc_line_4c42cf12"
                    TAGREFS="LT4159"
                    BASELINE="697 2535 2300 2530" 
                    HPOS="695"
                    VPOS="2469"
                    WIDTH="1605"
                    HEIGHT="96">
            <Shape><Polygon POINTS="697 2535 697 2551 1425 2565 1427 2565 1521 2551 2176 2563 2178 2563 2284 2561 2286 2561 2288 2561 2300 2549 2300 2530 2295 2488 2157 2488 2122 2469 2120 2469 2118 2469 2115 2469 2073 2483 2031 2469 2029 2469 2026 2469 2024 2469 2022 2469 2022 2472 2003 2488 1930 2488 1912 2472 1912 2469 1909 2469 1907 2469 1851 2469 1848 2469 1846 2469 1844 2469 1827 2486 1736 2486 1685 2469 1682 2469 1680 2469 1678 2469 1675 2469 1649 2486 1497 2469 1495 2469 1493 2469 1453 2488 737 2472 734 2472 732 2472 695 2488 697 2535"/></Shape>
	    <String CONTENT="chic &quot;logorrhée&quot;, pourquoi tant de pudibonderie, ma"
                    HPOS="695"
                    VPOS="2469"
                    WIDTH="1605"
                    HEIGHT="96"
                    WC="0.9973150778275269"></String>
          </TextLine>

          
          
          <TextLine ID="eSc_line_2ddd2dac"
                    TAGREFS="LT4159"
                    BASELINE="695 2626 2295 2621" 
                    HPOS="692"
                    VPOS="2558"
                    WIDTH="1603"
                    HEIGHT="96">
            <Shape><Polygon POINTS="695 2626 695 2642 1039 2642 1046 2642 1121 2654 1123 2654 1125 2654 1128 2654 1139 2642 1142 2642 1275 2642 1277 2642 1338 2654 1341 2654 1343 2654 1376 2642 1380 2642 1596 2652 1598 2652 1790 2640 1809 2640 1818 2640 1909 2652 1912 2652 2047 2640 2054 2640 2059 2640 2202 2652 2204 2652 2293 2638 2295 2621 2291 2577 2132 2577 2132 2575 2113 2561 2113 2558 2111 2558 2108 2558 2106 2558 2104 2558 2066 2575 2066 2577 1888 2577 1886 2575 1869 2561 1869 2558 1867 2558 1865 2558 1862 2558 1860 2558 1820 2575 1818 2575 1745 2575 1715 2575 1699 2558 1696 2558 1694 2558 1692 2558 1532 2575 1488 2577 1371 2577 1364 2572 1341 2561 1338 2561 1336 2561 1270 2572 1247 2577 1233 2572 1200 2561 1198 2561 1195 2561 1193 2561 1160 2572 1158 2572 1156 2572 1102 2561 1099 2561 1097 2561 1095 2561 1095 2563 1083 2572 1076 2577 1060 2572 1013 2561 1011 2561 1008 2561 692 2570 695 2626"/></Shape>
	    <String CONTENT="Lune? Moi, j’ai toujours appelé un chat un chat, ce"
                    HPOS="692"
                    VPOS="2558"
                    WIDTH="1603"
                    HEIGHT="96"
                    WC="0.9948849849976026"></String>
          </TextLine>

          
          
          <TextLine ID="eSc_line_7575b403"
                    TAGREFS="LT4159"
                    BASELINE="695 2715 2295 2715" 
                    HPOS="695"
                    VPOS="2652"
                    WIDTH="1600"
                    HEIGHT="93">
            <Shape><Polygon POINTS="695 2715 695 2731 865 2745 868 2745 975 2734 1055 2745 1057 2745 1125 2734 1364 2734 1378 2745 1380 2745 1383 2745 1385 2745 2129 2734 2221 2745 2223 2745 2295 2731 2295 2715 2295 2659 2244 2652 2242 2652 2239 2652 2225 2659 2204 2668 2134 2659 2075 2652 2073 2652 2071 2652 2068 2652 2068 2654 2061 2659 2050 2671 1806 2671 1790 2661 1767 2652 1764 2652 1762 2652 1759 2652 1731 2661 1710 2668 1692 2661 1661 2652 1659 2652 1657 2652 1593 2663 1563 2668 1547 2663 1511 2652 1509 2652 1507 2652 1504 2652 1502 2652 1502 2654 1490 2663 1483 2671 1378 2671 1373 2663 1359 2654 1359 2652 1357 2652 1355 2652 1352 2652 1291 2663 1212 2652 1209 2652 894 2668 870 2668 868 2668 849 2654 847 2654 844 2654 842 2654 840 2654 805 2668 802 2671 695 2671 695 2715"/></Shape>
	    <String CONTENT="n’est pas aujourd’hui que je vais changer... Bon, il"
                    HPOS="695"
                    VPOS="2652"
                    WIDTH="1600"
                    HEIGHT="93"
                    WC="0.9820413818726172"></String>
          </TextLine>

          
          
          <TextLine ID="eSc_line_24006b8e"
                    TAGREFS="LT4159"
                    BASELINE="695 2804 2298 2804" 
                    HPOS="695"
                    VPOS="2741"
                    WIDTH="1603"
                    HEIGHT="82">
            <Shape><Polygon POINTS="695 2804 695 2823 2298 2823 2298 2804 2298 2755 1968 2741 1965 2741 1905 2752 1846 2741 1844 2741 1757 2752 1713 2741 1710 2741 1708 2741 1706 2741 1703 2741 1689 2752 1619 2741 1617 2741 1469 2752 1385 2741 1383 2741 1380 2741 1378 2741 1364 2755 1219 2755 1172 2741 1170 2741 1167 2741 1099 2752 1032 2741 1029 2741 1027 2741 1025 2741 1025 2743 1013 2755 695 2755 695 2804"/></Shape>
	    <String CONTENT="est temps d’arrêter ce “journal”. Les Rosbifs disent"
                    HPOS="695"
                    VPOS="2741"
                    WIDTH="1603"
                    HEIGHT="82"></String>
          </TextLine>

          
          
          <TextLine ID="eSc_line_354151c8"
                    TAGREFS="LT4159"
                    BASELINE="697 2888 2286 2895" 
                    HPOS="695"
                    VPOS="2825"
                    WIDTH="1591"
                    HEIGHT="86">
            <Shape><Polygon POINTS="697 2888 695 2904 2281 2911 2286 2895 2284 2851 1989 2830 1987 2830 1984 2830 1930 2848 1928 2848 1895 2830 1893 2830 1891 2830 1888 2830 1853 2844 1839 2830 1837 2830 1834 2830 1832 2830 1830 2830 1799 2841 1734 2827 1731 2827 1649 2846 1603 2827 1600 2827 1598 2827 1596 2827 1556 2841 1514 2827 1511 2827 1509 2827 1507 2827 1504 2827 1504 2830 1486 2846 1429 2827 1427 2827 1425 2827 1422 2827 1385 2839 1355 2827 1352 2827 1350 2827 1348 2827 1303 2846 1301 2846 1259 2827 1256 2827 1254 2827 1252 2827 1202 2846 1135 2846 1116 2830 1114 2830 1111 2830 1109 2830 980 2844 978 2844 975 2844 915 2825 912 2825 910 2825 908 2825 905 2825 905 2827 884 2844 884 2846 854 2846 849 2844 741 2825 739 2825 737 2825 697 2841 697 2888"/></Shape>
	    <String CONTENT="diary, ils sont moins loin de la vérité, les fourbes..."
                    HPOS="695"
                    VPOS="2825"
                    WIDTH="1591"
                    HEIGHT="86"
                    WC="0.9847094029711004"></String>
          </TextLine>

          
          
          <TextLine ID="eSc_line_583fc9e4"
                    TAGREFS="LT4159"
                    BASELINE="772 2979 2288 2984" 
                    HPOS="769"
                    VPOS="2916"
                    WIDTH="1519"
                    HEIGHT="96">
            <Shape><Polygon POINTS="772 2979 769 2993 915 3010 917 3010 1380 2998 1530 3012 1532 3012 1614 3000 1769 3012 1771 3012 2286 2998 2288 2984 2288 2937 2253 2918 2251 2918 2249 2918 2082 2935 2080 2935 2024 2918 2022 2918 2019 2918 1954 2932 1905 2918 1902 2918 1900 2918 1898 2918 1858 2935 1853 2937 1699 2937 1692 2932 1649 2918 1647 2918 1645 2918 1642 2918 1640 2918 1640 2921 1626 2932 1621 2937 1570 2937 1554 2932 1479 2916 1476 2916 1399 2930 1387 2932 1371 2930 1296 2921 1294 2921 1291 2921 1254 2930 1242 2932 1238 2930 1217 2916 1214 2916 1212 2916 1209 2916 1207 2916 1158 2930 1142 2932 961 2932 954 2928 929 2916 926 2916 924 2916 772 2925 772 2979"/></Shape>
	    <String CONTENT="Philippe sourit et s’efforça de regarder la grande"
                    HPOS="769"
                    VPOS="2916"
                    WIDTH="1519"
                    HEIGHT="96"
                    WC="0.9829505658617207"></String>
          </TextLine>

          
          
          <TextLine ID="eSc_line_161bec3d"
                    TAGREFS="LT4159"
                    BASELINE="695 3066 2288 3073" 
                    HPOS="692"
                    VPOS="3007"
                    WIDTH="1596"
                    HEIGHT="94">
            <Shape><Polygon POINTS="695 3066 692 3082 1757 3101 1759 3101 2286 3089 2288 3073 2286 3028 1965 3012 1963 3012 1961 3012 1930 3026 1928 3026 1926 3026 1888 3012 1886 3012 1884 3012 1881 3012 1879 3012 1865 3026 1862 3028 1757 3028 1752 3026 1717 3010 1715 3010 1713 3010 1640 3024 1638 3024 1631 3024 1373 3010 1371 3010 1369 3010 1366 3010 1352 3024 1350 3026 1228 3026 1226 3024 1209 3010 1209 3007 1207 3007 1205 3007 1202 3007 1200 3007 1158 3021 1158 3024 851 3024 849 3021 835 3007 833 3007 830 3007 828 3007 695 3019 695 3066"/></Shape>
	    <String CONTENT="ombre qui, au bout d’une corde, se balançait en"
                    HPOS="692"
                    VPOS="3007"
                    WIDTH="1596"
                    HEIGHT="94"
                    WC="0.9833562721808752"></String>
          </TextLine>

          
          
          <TextLine ID="eSc_line_d82ef450"
                    TAGREFS="LT4159"
                    BASELINE="697 3159 1493 3159" 
                    HPOS="697"
                    VPOS="3096"
                    WIDTH="796"
                    HEIGHT="82">
            <Shape><Polygon POINTS="697 3159 697 3178 1493 3178 1493 3159 1493 3115 1331 3115 1296 3096 1294 3096 1291 3096 1289 3096 1240 3113 1188 3096 1186 3096 1184 3096 1050 3113 1034 3099 1034 3096 1032 3096 1029 3096 1027 3096 1025 3096 982 3108 947 3096 945 3096 943 3096 940 3096 938 3096 924 3110 877 3096 875 3096 872 3096 870 3096 868 3096 868 3099 851 3115 769 3115 718 3096 716 3096 713 3096 711 3096 709 3096 709 3099 697 3110 697 3159"/></Shape>
	    <String CONTENT="face de lui sur la cloison."
                    HPOS="697"
                    VPOS="3096"
                    WIDTH="796"
                    HEIGHT="82"
                    WC="0.996625613283228"></String>
          </TextLine>

          
          
          <TextLine ID="eSc_line_67034f80"
                    TAGREFS="LT4159"
                    BASELINE="779 3239 2286 3248" 
                    HPOS="777"
                    VPOS="3185"
                    WIDTH="1509"
                    HEIGHT="96">
            <Shape><Polygon POINTS="779 3239 777 3255 887 3258 901 3272 901 3274 903 3274 905 3274 908 3274 910 3274 912 3274 933 3260 961 3272 964 3272 966 3272 1029 3260 1160 3274 1163 3274 1556 3265 1598 3276 1600 3276 1935 3281 1937 3281 1940 3281 1972 3267 2059 3281 2061 3281 2284 3265 2286 3248 2284 3208 2216 3192 2214 3192 2211 3192 2209 3192 2209 3194 2195 3206 2101 3194 2099 3194 1961 3206 1942 3206 1937 3206 1902 3190 1900 3190 1898 3190 1809 3204 1806 3206 1551 3206 1532 3204 1404 3187 1401 3187 1399 3187 1348 3201 1343 3201 1327 3201 1128 3190 1125 3190 1039 3199 1036 3199 1020 3185 1018 3185 1015 3185 1013 3185 779 3197 779 3239"/></Shape>
	    <String CONTENT="— J&#x27;ai encore quelques rangements, un peu de"
                    HPOS="777"
                    VPOS="3185"
                    WIDTH="1509"
                    HEIGHT="96"></String>
          </TextLine>

          
          
          <TextLine ID="eSc_line_f4bedc3b"
                    TAGREFS="LT4159"
                    BASELINE="692 3339 2281 3339" 
                    HPOS="692"
                    VPOS="3276"
                    WIDTH="1589"
                    HEIGHT="80">
            <Shape><Polygon POINTS="692 3339 692 3353 2279 3356 2281 3339 2281 3295 2129 3295 2068 3276 2066 3276 2064 3276 2061 3276 2012 3293 1888 3276 1886 3276 1884 3276 1848 3295 1561 3295 1504 3276 1502 3276 1500 3276 1497 3276 1495 3276 1495 3279 1476 3293 1408 3281 1406 3281 1404 3281 1401 3281 1387 3295 1287 3295 1221 3276 1219 3276 1217 3276 1214 3276 1177 3293 1118 3276 1116 3276 1114 3276 879 3290 781 3276 779 3276 692 3293 692 3339"/></Shape>
	    <String CONTENT="ménage à faire. Je ne te dois rien mais j’aime ça,"
                    HPOS="692"
                    VPOS="3276"
                    WIDTH="1589"
                    HEIGHT="80"
                    WC="0.9924283230079795"></String>
          </TextLine>

          
          
          <TextLine ID="eSc_line_db63dfcf"
                    TAGREFS="LT4159"
                    BASELINE="692 3421 2284 3426" 
                    HPOS="690"
                    VPOS="3363"
                    WIDTH="1594"
                    HEIGHT="89">
            <Shape><Polygon POINTS="692 3421 690 3438 791 3452 793 3452 2281 3442 2284 3426 2284 3382 2235 3365 2232 3365 2230 3365 2111 3379 2012 3365 2010 3365 2008 3365 1963 3379 1961 3379 1921 3368 1919 3368 1916 3368 1741 3379 1724 3379 1722 3379 1687 3365 1685 3365 1682 3365 1680 3365 1678 3365 1664 3379 1661 3382 1563 3382 1558 3379 1521 3365 1518 3365 1516 3365 1514 3365 1488 3379 1469 3363 1467 3363 1465 3363 1462 3363 1460 3363 1422 3375 1102 3363 1099 3363 1097 3363 1095 3363 1076 3377 1074 3379 987 3379 982 3377 931 3363 929 3363 926 3363 924 3363 922 3363 908 3377 905 3377 692 3377 692 3421"/></Shape>
	    <String CONTENT="ranger. Je n’ai plus grand-chose à raconter. De toute"
                    HPOS="690"
                    VPOS="3363"
                    WIDTH="1594"
                    HEIGHT="89"
                    WC="0.9844273052833699"></String>
          </TextLine>

          
          
          <TextLine ID="eSc_line_08efc7f9"
                    TAGREFS="LT4159"
                    BASELINE="697 3508 2279 3515" 
                    HPOS="695"
                    VPOS="3449"
                    WIDTH="1584"
                    HEIGHT="101">
            <Shape><Polygon POINTS="697 3508 695 3529 755 3545 758 3545 760 3548 884 3548 884 3545 887 3545 889 3545 903 3534 1165 3545 1167 3545 1270 3536 1284 3548 1287 3548 1289 3548 1291 3548 1708 3536 1947 3550 1949 3550 2277 3536 2279 3515 2277 3470 2183 3454 2181 3454 2178 3454 2136 3468 2134 3468 2132 3468 2054 3454 2052 3454 1968 3468 1961 3468 1958 3468 1933 3456 1930 3456 1928 3456 1926 3456 1884 3468 1877 3468 1874 3468 1853 3454 1851 3454 1848 3454 1846 3454 1844 3454 1804 3466 1797 3468 1694 3468 1692 3466 1642 3452 1640 3452 1638 3452 1635 3452 1584 3466 1582 3466 1579 3466 1549 3452 1547 3452 1413 3452 1411 3452 1408 3452 1406 3452 1392 3463 1390 3466 1165 3466 1163 3463 1135 3449 1132 3449 1130 3449 1062 3463 1053 3463 1046 3463 1006 3449 1004 3449 1001 3449 999 3449 950 3461 940 3463 938 3461 922 3452 919 3452 917 3452 915 3452 912 3452 910 3452 901 3461 896 3466 765 3466 760 3461 746 3449 744 3449 741 3449 739 3449 737 3449 697 3459 697 3508"/></Shape>
	    <String CONTENT="façon, tu le sais, ce que j’ai à dire ne tient guère dans"
                    HPOS="695"
                    VPOS="3449"
                    WIDTH="1584"
                    HEIGHT="101"
                    WC="0.980027711391449"></String>
          </TextLine>

          
        </TextBlock>
        
        <TextBlock HPOS="685.2312622070312"
                   VPOS="3605.0927734375"
                   WIDTH="93.470458984375"
                   HEIGHT="89.673095703125"
                   ID="block_1"
                   TAGREFS="BT10606">
          <Shape><Polygon POINTS="685.231 3605.09 778.702 3605.09 778.702 3694.77 685.231 3694.77 685.231 3605.09"/></Shape>
          
          
          <TextLine ID="eSc_line_772d07a6"
                    TAGREFS="LT4159"
                    BASELINE="699 3667 767 3660" 
                    HPOS="692"
                    VPOS="3608"
                    WIDTH="75"
                    HEIGHT="73">
            <Shape><Polygon POINTS="699 3667 699 3681 767 3681 767 3660 758 3608 692 3613 699 3667"/></Shape>
	    <String CONTENT="14"
                    HPOS="692"
                    VPOS="3608"
                    WIDTH="75"
                    HEIGHT="73"
                    WC="0.9407759010791779"></String>
          </TextLine>

          
        </TextBlock>
        

        
      </PrintSpace>
    </Page>
  </Layout>
</alto>
