2977 4210
367 470 2022 98 des trois autres qui sempiffrent, son air accablé la

365 582 2024 105 pend fragile. Elle chuchote des trucs à l’oreille de

369 706 2018 103 1’ours. Je lui souris dans la vitre. Je me sens très

367 832 2024 105 loin, dans un autre monde. La gamine m'a vu et

367 951 2020 103 elle répond à mon sourire. Nous sommes passés

367 1061 2020 101 tous les deux de l’autre côté du miroir. Tout en me

365 1188 2019 103 egardant, elle se penche vers le panda et continue

365 1300 2019 110 de lui parler tout bas, je me demande ce qu’elle peut

367 1419 718 91 bien lui raconter.

463 1529 1914 96 Ses vieux continuent de bâfrer en vidant des

360 1646 2015 103 chopes de bière. Personne ne nous prête attention,

379 1758 2001 108 J’ai l’impression de naviguer en plein rêve. Elle lève

367 1873 2008 101 la tête et sourit à mon reflet. Le genre de sourire

362 1985 2011 105 qu’on adresse du bateau qui s’éloigne à quelqu’un

362 2097 2013 103 resté sur le quai. Je ne peux cesser de la regarder. En

365 2210 2010 100 retour, elle agite une des patounes du panda dans ma

360 2315 2010 101 direction. Je salue le bestiau en agitant la main. Les

365 2427 2003 99 parents ne voient rien et ne cessent de s’en foutre

367 2528 2001 105 plein le bide. J’aperçois en revanche Blanc-bec qui

367 2640 1996 89 Se penche vers son pote en se marrant comme un

365 2738 1998 106 bossu. Je ne peux l’entendre mais j’imagine qu’il lui

365 2844 1998 105 dit quelque chose du genre, vise un peu, Cloclo, y a

365 2949 1996 103 Philippe qui drague un nounours, un vrai fêlé, ce

365 3052 1994 100 môme... Ouais, des fois, vaut mieux la compagnie

369 3152 1751 101 d’une peluche que des cloches de votre genre.

470 3251 1891 88 Je suis à cran. Finies les rêvasseries dans le

369 3353 1980 101 miroir; je regarde la petite fille droit dans les yeux;

376 3452 1976 105 je pense: plantons-les tous là et foutons le camp

374 3552 1973 94 ensemble. Comme si elle avait compris le mes¬

379 3653 1973 96 sage, la gamine secoue soudain la tête de droite à

386 3749 1959 98 gauche, plusieurs fois, puis elle enfouit la tête dans

2223 3924 126 89 157
