2977 4210
617 416 2069 107 Quand j’ai ouvert les yeux, les essuie-glaces

723 299 1963 110 C’est la voix de Fromage blanc qui m’a réveillé.

781 198 1175 101 — Qu’est-ce que ça tombe!

608 526 2078 100 balayaient le pare-brise. Il pleuvait à verse et Rémi

603 645 1044 87 ne cessait de récriminer.

805 753 1877 105 —C’est fou ce que ça consomme, cette chiotte.

695 863 1987 98 Il déboîte de la voie de droite pour s’engager

592 982 2090 96 Sur la bretelle de la station-service puis, jetant un

585 1094 2094 108 coup d’œil sur la banquette arrière encombrée, il

582 1213 1154 101 dit d’une voix menaçante:

718 1319 1959 114 — Va falloir tout virer dans le coffre. Que le

573 1445 1060 110 môme puisse s’allonger.

676 1557 1315 110 Je bondis sur place en hurlant.

718 1672 1940 112 — Philippe, merde! PHILIPPE! Pas le môme!...

737 2027 1931 113 — Je n’ai jamais vu quelqu’un brailler de cette

557 2149 973 96 façon, assure Clotaire.

723 2266 1519 105 — Je vous avais prévenus, fit Luna.

671 2378 1992 112 — Mais de là à imaginer... La vox de Philippe

540 2502 2125 112 était de plus en plus hystérique. Il tapait sur les

545 2635 2120 85 Valises et sur la carrosserie, il donnait des coups

535 2743 2128 110 de pied dans tous les sens. J’avais l’impression

538 2867 1533 110 qu’il voulait tout... je ne sais pas...

664 2977 906 117 — Détruire, dit-elle.

664 3101 2004 119 — Oui, confirme Clotaire, détruire, démolir, et

535 3230 2126 121 encore plus!... Un truc apocalyptique! Et, après

538 3356 2116 114 un silence, il ajoute: Il n’était sorti de son cauche¬

533 3484 1465 113 mar que pour entrer dans le nõtre.

531 3950 145 100 138
