2977 4210
826 479 1144 103 — Ce que tu peux être radin!

814 587 1807 98 – Tu ne vas pas commencer à fumer maintenant.

706 792 1912 103 moi une clope. Tant qu’à faire, s’il faut aller rouler

835 692 1779 100 — Si tu crois que je t’ai attendu? Allez, passe¬

709 902 1907 141 des pelles aux taupes, autant foncer tout de suite.

814 992 1650 102 — Non. Pas de cigarette pour toi, Philippe.

814 1101 1790 105 — T’es bien comme mec, je dis. Pas laxiste.

711 1211 1900 101 La morale, la rigueur, tout... Tu sais quoi ? Tu ferais

711 1314 1102 89 un bon éducateur, Cul blanc.

828 1419 1180 103 — C’est pour ça que je suis là.

807 1517 1456 103 – Cul blanc! (Le Blackos se marre.)

819 1625 1788 103 — Qu’est-ce que t’as, toi? demande Fromage

711 1730 552 89 blanc furieux.

802 1833 1809 101 Pas d’humour, le gustron! Le nègre ne bronche

711 1938 1900 103 pas, il lève seulement la main du volant pour faire

711 2044 1903 98 un signe d’apaisement. Faut pas faiblir. Je continue

711 2151 1898 99 de bougonner pour entretenir le moral des troupes.

800 2238 1804 116 – N’empêche qu’on aurait déjà dû y être arri¬

713 2355 1901 98 vés, chez le curé! Et il risque d’être furieux, le

709 2467 1902 91 corbeau! Peut-être qu’il s’est inquiété ! Qu’il a

706 2556 1905 103 téléphoné à Luna, le cureton!... Oh là là! Ce que

713 2671 1896 95 vous allez prendre! Des nuls comme vous, j’en ai

709 2773 428 99 jamais vu!

793 2876 1816 101 Boule de neige se tourne vers moi et, d’une voix

711 2979 274 87 sèche:

805 3082 1799 96 – On est à une centaine de bornes. Alors, calme¬

704 3185 1900 103 toi, tu y seras pour déjeuner... Et après, ciao, bon¬

704 3297 356 82 homme!

793 3393 1818 101 Je crispe ma main sur son bras et je dis d’une

704 3503 674 94 toute petite voix:

823 3599 1496 101 — Vous n’allez pas me laisser tomber?

697 3781 140 89 228
