2977 4210
655 435 1896 91 malade et il te la refile, sa putain de maladie... On

655 542 1886 89 naît tous mabouls. Seulement, y en a quelques-uns

655 643 1882 103 qui le restent... Et là, c’est grave. Grave. Gravis¬

659 760 232 77 SIme.

744 856 1802 88 Il parlait en dévorant gloutonnement; en face

652 956 1887 105 de ce morfal, Clotaire avait l’impression de chipo¬

659 1064 1882 89 ter. Mais il ne l’écoutait plus: il se souvenait de ce

657 1171 1884 101 copain qui travaillait dans une radio périphérique,

657 1274 1887 89 un pro, et une idée folle venait de lui traverser la

659 1372 642 103 tête. Il l’exposa:

777 1478 1760 107 "Dis, Rémi, tu sais ce qui serait sympa? J’em¬

657 1588 1884 105 prunte un magnéto à mon pote à Mad FMet on

659 1693 1873 91 l’emporte avec nous. On lance le môme, on enre¬

664 1798 1873 101 gistre ses délires. Comme ça, on montre ce qui est

662 1906 1872 96 bidon et ce qui ne l’est pas, et on ramène deux ou

662 2006 1870 89 trois heures de bande à mes copains, La Balade

659 2109 614 89 de l’innocent...

760 2416 1762 98 — On a eu nous-mêmes l’intention de faire

657 2521 1863 100 une bande, dit Clotaire. Le Voyage de l’innocent...

657 2624 964 91 C'était un bon titre, non?

741 2729 1779 112 Il lève un regard interrogateur sur la psy qui

659 2841 946 87 S’abstient de commenter.

751 2942 1767 98 – Je veux dire une bande pour nous. On en

655 3052 1243 98 aurait fait une copie pour vous...

777 3148 1734 107 – Vous ne préféreriez pas La Balade de l’in¬

652 3260 342 86 nocent?

765 3363 1743 103 – Si vous voulez. (Clotaire ne s’est même pas

648 3468 1860 103 rendu compte qu’elle est retombée d’emblée sur

650 3576 1854 103 son titre.) Bon, et vous savez ce qu’il a répondu,

652 3770 127 82 128
