2977 4210
812 502 1872 99 cette engeance qui a squatté chez elle et qui la becte.

819 601 1565 91 Alors, elle peut être doublement contente.

908 699 276 103 Je dis:

975 804 1370 105 — Zéphyrin, va chercher les bougies.

908 905 1776 93 J’en ai trouvé un stock dans la décharge, ficelé

828 1010 1858 91 dans des boîtes à chaussures au fond d’un meuble

830 1108 1856 94 d’église à moitié brûlé. J’ai rangé le tout sous la

833 1211 1856 105 passerelle dans le carré des officiers. Le carré, c’est

830 1319 1852 100 ma cachette. J’y range tous mes trésors. Souvent,

835 1415 1844 105 je viens aussi la nuit. J’allume mes chandelles, elles

835 1517 1847 94 sont les feux de position du navire dans la nuit. Ce

837 1623 1842 91 soir, malgré le brouillard, je ne les allumerai pas. Pas

837 1726 1845 100 plus qu’en définitive je ne ferai fonctionner la sirène

833 1829 1849 100 de brume. Ce que je dois faire ne peut se passer

840 1934 1132 96 que dans le royaume du secret.

975 2027 979 108 — Les cierges, Zéphyrin...

919 2135 1758 100 Le jardinier me regarde sans comprendre. Alors,

840 2235 1842 106 je fais gravement un signe de croix et j’ajoute tout

842 2338 978 106 bas pour qu’il comprenne:

985 2439 1240 105 — Le morpion, il a lâché la rampe.

924 2547 1751 98 Le vieux nègre hoche et s’en va; il a compris.

837 2642 1840 106 Plus sombre est la nuit, plus froide elle est, et plus le

837 2745 1835 101 macchab a besoin des lumières des vivants. Zéphy¬

840 2851 1839 100 rin vient d’un pays où on ne fait pas de chichis avec

844 2954 1833 91 la mort. Chez eux, le décès est naturel. Tolérable.

847 3061 1830 96 À condition que les vivants apportent aux morts

844 3162 1828 98 un surcroît de force pour leur permettre de crapahu¬

849 3265 1819 86 ter sous les eaux et rabouler au paradis des esprits.

982 3358 1388 108 — Voilà, c’est fini, je dis à la patapouf.

924 3463 1746 101 Je lui fais la bise et elle me rend un gros poutou

847 3566 477 96 bien mouillé.

835 3746 103 103 62
