2977 4210
683 404 1898 110 pour leurs parents, et encore? Vous voulez que

685 500 1887 122 je vous dise... Mais gardez-le pour vous, hein?...

683 610 1900 110 Au bout du compte, tant mieux pour eux et pour

685 711 1889 109 nous tous ! Ce n’était que de la graine de po¬

690 837 246 89 tence.

788 921 817 103 Bon débarras, allez !

1958 1040 625 92 JEAN DERRIEN,

1376 1141 1203 86 lieutenant de gendarmerie à la retraite.

784 1426 1806 112 Bon débarras, hein! Que voulez-vous que je

697 1534 1893 110 vous dise d’autre, messieurs dames? J'ai toujours

695 1641 1891 110 pensé, et maintenant je suis sûre de ne pas me trom¬

699 1740 1898 119 per que ce gamin était Satan en personne. Il avait

695 1843 1893 114 le regard du diable, vert avec des paillettes rouges

697 1945 1896 115 et jaunes. Les yeux du diable comme on dit par

699 2051 1891 96 chez nous. Il était mauvais comme une teigne,

709 2144 1891 129 griffu de partout. Jusque dedans la tête, qu’il avait

704 2259 1673 114 des griffes, si vous voyez ce que je veux dire.

800 2355 1802 110 (...) Ce pauvre monsieur le curé était avec lui

704 2467 1896 108 d’une patience d’ange. “Il souffre, ma pauvre

704 2561 1891 114 Alberte, il disait. Faut tâcher de le comprendre.

705 2666 1113 109 Dans sa tête, c’est un enfer.”

798 2766 1806 113 Ma doué, c’est ce petit voyou qui nous l’a fait

709 2869 1891 120 vivre, l’enfer! Evidemment pisque c’était le diable.

706 2986 1896 103 Je m’attendais à tout moment à apercevoir ses

709 3092 1891 95 cornes et sa queue. Je ne les ai pas vues, ses cornes,

709 3190 1895 100 mais ce saligaud me l’a bien montrée, sa corne¬

711 3290 1900 103 muse, plantée tout de travers et pas au-dessus du

711 3391 1891 110 trou qu’on pense. Poultiquet, korrigan où korri¬

718 3491 1610 127 garet qu’il fallait l’appeler et pas Philippe.

723 3697 80 88 38
