2977 4210
524 463 1919 100 J’étais dans le bourdonnement et l’agitation labo¬

615 360 1828 91 Après, je les ai oubliés, les deux autres connards.

521 566 1917 102 rieuse des abeilles, en train d’écouter les explica¬

524 678 533 82 tions du curé.

624 776 1814 103 — Tu crois que tu te plairas? il me demandait.

643 886 1465 96 — Et comment! j’ai fait enthousiaste.

610 987 1828 105 Un vieux chien, bancal et poussif, au pelage blanc

519 1099 1915 96 Sale et poisseux, se dirige en remuant la queue vers

517 1202 1116 100 nous. Je le chope au passage.

620 1305 1818 100 — Jaime les bêtes, moi! Il est mignon ce petit

512 1410 262 96 chien.

603 1508 1833 98 Faut dire qu’il était laid à faire peur, ce clebs, et

510 1620 1919 101 quand ils le voient rappliquer, mes sbires restés

510 1726 1921 105 prudemment à distance échangent une grimace

510 1836 765 98 étriquée et cynique.

599 1934 1825 100 S'ils veulent du spectacle, je vais leur en don¬

505 2044 391 86 ner, moi!

594 2147 1830 88 L’horible animal gémit bientôt sous mes caresses.

505 2250 1922 95 C’est envahi d’une petite douceur meurtrière que

505 2352 1912 108 je souris à mes matons. Des touffes de poils vien¬

500 2460 1917 108 nent par poignées. Le clébard geint et jappe fai¬

500 2568 1927 86 blement. Le curé en train de vérifier l’ajustement

500 2671 1409 95 du couvercle d’une ruche le gronde:

631 2773 1791 101 – Ca suffit, Max. Faut pas être jaloux. Il est

503 2876 1905 108 gentil, Philippe. Il va habiter avec nous, Philippe...

587 2986 1835 103 Sans perdre de vue mes zozos, je leur donne à

500 3108 1917 79 VOir combien je suis consciencieux et je continue

496 3197 1186 89 d’arracher ses poils au bestiau.

622 3300 1790 100 – T’as entendu, Max. Faut pas être jalmince.

496 3407 1916 101 Je suis très très gentil et je vais habiter avec toi,

496 3517 348 89 Maxie...

2277 3693 138 86 261
