2977 4210
430 442 1917 107 exotique, Rémi joue les dépaysés. Tout marle qu’il

432 549 1906 94 soit, à l’en croire, il n’a jamais mis les pieds dans

432 652 850 91 le 18e arrondissement.

526 757 651 103 — Où c’est ici?

535 865 1271 103 — La banlieue de Pointe-à-Pitre.

512 977 1835 89 Clotaire lui montre une plaque au coin de la rue

430 1080 1919 103 indiquant: rue de la Guadeloupe. Ils pénètrent

425 1190 1920 87 dans un immeuble vétuste, longent un couloir d’un

432 1293 1913 105 gris pisseux et se mettent à grimper un vieil escalier

428 1400 1917 103 pentu sans rampe. Les Petites Antilles se nichent

428 1503 1917 94 au dernier étage. Le soleil fait défaut mais chacun

430 1609 1915 105 y est allé d’un coup de pinceau. Une succession de

425 1719 1915 88 chambres de bonnes aux portes palières ouvertes

425 1824 1913 89 donnent sur un long couloir rutilant de couleurs.

430 1929 1915 103 Un capharnaüm splendide uniquement habité par

423 2030 1912 107 des Martiniquais, des Guadeloupéens et des Guya¬

423 2142 1922 89 nais des deux sexes. La chambre de Clotaire est

421 2245 1917 98 envahie de livres de poche et de cassettes. Il lit tout,

423 2357 1917 103 c’est un passionné. Les bouquins, explique-t-il à

418 2460 1920 103 Rémi, ça t’apprend des tas de trucs et un livre, en

423 2568 1912 98 soi, c’est beau. Rémi fait la fine bouche, tout ça,

416 2673 1917 103 c’est des conneries. À l’entendre, il n’a jamais

416 2783 1910 98 ouvert un livre ni un journal, il n’a pas le temps;

418 2890 1913 92 d’ailleurs, il a mieux à faire, dormir par exemple.

414 2996 1917 100 Luna imagine bien la scène, tout comme la pièce

414 3106 1914 105 exiguë, si encombrée qu’il n’y a pas de place pour

411 3213 1042 101 un matelas supplémentaire.

493 3309 1835 98 Rémi demande où il va crécher. Clotaire lui

407 3417 912 107 répond qu’il a le choix:

575 3522 1751 103 — C’est toi le baratineur, non? Léonne ou

407 3625 1912 110 Marie-Rosette. Devant la mine abasourdie de Rémi,

2232 3827 92 95 97
