<?xml version="1.0" encoding="UTF-8"?>
<alto xmlns:xsi="http://www.w3.org/2001/XMLSchema-instance"
      xmlns="http://www.loc.gov/standards/alto/ns-v4#"
      xsi:schemaLocation="http://www.loc.gov/standards/alto/ns-v4# http://www.loc.gov/standards/alto/v4/alto-4-2.xsd">
  <Description>
    <MeasurementUnit>pixel</MeasurementUnit>
    <sourceImageInformation>
      <fileName>page_00171.png</fileName>
      
    </sourceImageInformation>
  </Description>
  
  <Tags>
    <OtherTag ID="BT10605" LABEL="MainZone" DESCRIPTION="block type MainZone"/><OtherTag ID="BT10606" LABEL="NumberingZone" DESCRIPTION="block type NumberingZone"/><OtherTag ID="BT10607" LABEL="RunningTitleZone" DESCRIPTION="block type RunningTitleZone"/><OtherTag ID="BT10608" LABEL="QuireMarksZone" DESCRIPTION="block type QuireMarksZone"/><OtherTag ID="BT10609" LABEL="CustomZone" DESCRIPTION="block type CustomZone"/>
    <OtherTag ID="LT4159" LABEL="DefaultLine" DESCRIPTION="line type DefaultLine"/><OtherTag ID="LT4160" LABEL="HeadingLine" DESCRIPTION="line type HeadingLine"/><OtherTag ID="LT4161" LABEL="default" DESCRIPTION="line type default"/>
  </Tags>
  
  <Layout>
    <Page WIDTH="2977"
          HEIGHT="4210"
          PHYSICAL_IMG_NR="168"
          ID="eSc_dummypage_">
      <PrintSpace HPOS="0"
                  VPOS="0"
                  WIDTH="2977"
                  HEIGHT="4210">
        
        <TextBlock HPOS="437.171875"
                   VPOS="364.49261474609375"
                   WIDTH="2000.493408203125"
                   HEIGHT="3314.1013793945312"
                   ID="block_0"
                   TAGREFS="BT10605">
          <Shape><Polygon POINTS="437.172 364.493 2437.67 364.493 2437.67 3678.59 437.172 3678.59 437.172 364.493"/></Shape>
          
          
          <TextLine ID="eSc_line_5c715c35"
                    TAGREFS="LT4161"
                    BASELINE="575 467 2405 467" 
                    HPOS="575"
                    VPOS="399"
                    WIDTH="1830"
                    HEIGHT="96">
            <Shape><Polygon POINTS="2354 409 2331 409 2307 409 2284 409 2260 406 2237 406 2221 406 2064 416 2015 421 1490 421 1458 409 1418 399 1415 399 1413 399 1411 399 1408 399 1397 409 1383 418 1298 409 1221 399 1219 399 1217 399 1198 406 1172 418 1151 406 1137 399 1135 399 1132 399 1092 406 1062 411 1050 406 1036 399 1034 399 1032 399 994 404 912 418 889 404 884 399 882 399 879 399 877 399 875 399 872 399 868 404 856 413 697 418 667 402 662 399 659 399 657 399 582 399 575 406 575 467 575 484 1408 484 1418 484 1511 495 1514 495 2405 484 2405 467 2405 418 2373 409 2354 409"/></Shape>
	    <String CONTENT="Ils sont entrés dans la grange, ces connards."
                    HPOS="575"
                    VPOS="399"
                    WIDTH="1830"
                    HEIGHT="96"
                    WC="0.9776491432086282"></String>
          </TextLine>

          
          
          <TextLine ID="eSc_line_026b3c7c"
                    TAGREFS="LT4161"
                    BASELINE="479 573 2408 568" 
                    HPOS="477"
                    VPOS="495"
                    WIDTH="1931"
                    HEIGHT="96">
            <Shape><Polygon POINTS="479 573 479 591 2405 587 2408 568 2403 519 2361 519 2331 495 2328 495 2326 495 2324 495 2321 495 2277 516 2178 505 2176 505 2174 505 2136 516 2082 495 2080 495 2078 495 2075 495 2073 495 2043 519 1764 519 1727 495 1724 495 1722 495 1654 495 1652 495 1649 495 1647 495 1610 519 1539 519 1483 495 1481 495 1479 495 1476 495 1474 495 1434 519 1385 519 1357 498 1355 498 1352 498 1350 498 1270 516 1221 498 1219 498 1217 498 1214 498 1153 519 1102 498 1099 498 1097 498 1095 498 1092 498 1062 521 1015 521 964 498 961 498 959 498 849 516 819 498 816 498 814 498 812 498 809 498 762 512 716 498 713 498 711 498 709 498 706 498 688 512 645 498 643 498 641 498 638 498 599 519 564 498 561 498 559 498 507 498 505 498 503 498 500 498 477 516 479 573"/></Shape>
	    <String CONTENT="Caché derrière des balles de paille, je vois la torche"
                    HPOS="477"
                    VPOS="495"
                    WIDTH="1931"
                    HEIGHT="96"
                    WC="0.9880175015756062"></String>
          </TextLine>

          
          
          <TextLine ID="eSc_line_0b439049"
                    TAGREFS="LT4161"
                    BASELINE="477 678 2405 678" 
                    HPOS="477"
                    VPOS="610"
                    WIDTH="1928"
                    HEIGHT="94">
            <Shape><Polygon POINTS="477 678 477 694 2403 704 2405 678 2405 629 2298 629 2270 610 2267 610 2265 610 2263 610 2260 610 2195 626 2146 610 2143 610 2141 610 2139 610 2080 626 1961 610 1958 610 1956 610 1909 626 1839 610 1837 610 1692 629 1137 629 971 610 968 610 966 610 936 626 877 610 875 610 872 610 777 626 627 610 624 610 622 610 580 626 514 610 512 610 510 610 507 610 477 624 477 678"/></Shape>
	    <String CONTENT="de Canard ahuri se promener sur le tas de foin,"
                    HPOS="477"
                    VPOS="610"
                    WIDTH="1928"
                    HEIGHT="94"
                    WC="0.9850695247345782"></String>
          </TextLine>

          
          
          <TextLine ID="eSc_line_e780554d"
                    TAGREFS="LT4161"
                    BASELINE="477 785 2408 781" 
                    HPOS="475"
                    VPOS="711"
                    WIDTH="1933"
                    HEIGHT="102">
            <Shape><Polygon POINTS="477 785 477 799 748 813 751 813 1319 802 1437 813 1439 813 1551 799 1558 799 2001 799 2019 811 2022 811 2024 811 2026 811 2148 799 2150 799 2342 811 2345 811 2405 797 2408 781 2403 729 2342 715 2340 715 2338 715 2335 715 2319 727 2319 729 1991 729 1989 727 1958 711 1956 711 1954 711 1877 727 1869 727 1848 711 1846 711 1844 711 1678 711 1675 711 1673 711 1671 711 1652 725 1596 711 1593 711 1591 711 1589 711 1586 711 1568 725 1565 727 1563 725 1544 713 1542 713 1539 713 1537 713 1467 725 1448 727 1427 725 1343 713 1341 713 1338 713 1336 713 1322 725 1315 729 1298 725 1263 713 1261 713 1259 713 1205 725 1177 729 985 729 975 722 959 715 957 715 954 715 952 715 950 715 940 722 929 729 709 729 690 722 662 713 659 713 657 713 655 713 652 713 638 722 629 727 615 722 592 713 589 713 587 713 475 720 477 785"/></Shape>
	    <String CONTENT="hésiter puis trouver le départ de l’échelle qui monte"
                    HPOS="475"
                    VPOS="711"
                    WIDTH="1933"
                    HEIGHT="102"
                    WC="0.988982019679887"></String>
          </TextLine>

          
          
          <TextLine ID="eSc_line_5c49e0b6"
                    TAGREFS="LT4161"
                    BASELINE="477 886 2401 881" 
                    HPOS="475"
                    VPOS="816"
                    WIDTH="1926"
                    HEIGHT="103">
            <Shape><Polygon POINTS="477 886 477 907 1310 919 1312 919 1399 907 1518 916 1521 916 1523 916 1525 916 1539 905 1542 905 1603 905 2001 916 2003 916 2398 902 2401 881 2396 834 2244 816 2242 816 2239 816 2237 816 2214 834 2026 834 1972 816 1970 816 1968 816 1965 816 1963 816 1940 832 1923 820 1921 820 1919 820 1916 820 1914 820 1877 832 1816 816 1813 816 1811 816 1809 816 1806 816 1783 834 1720 834 1657 816 1654 816 1652 816 1649 816 1647 816 1619 834 1542 834 1460 816 1458 816 1455 816 1420 832 1399 818 1397 818 1394 818 1338 818 1336 818 1334 818 1331 818 1308 837 1125 837 1060 818 1057 818 1055 818 1053 818 1011 834 903 818 901 818 898 818 896 818 875 832 627 825 624 825 475 837 477 886"/></Shape>
	    <String CONTENT="au grenier. Le danger, il n’y a rien de tel pour don¬"
                    HPOS="475"
                    VPOS="816"
                    WIDTH="1926"
                    HEIGHT="103"
                    WC="0.9693425466429513"></String>
          </TextLine>

          
          
          <TextLine ID="eSc_line_e74b2e0e"
                    TAGREFS="LT4161"
                    BASELINE="475 991 2403 996" 
                    HPOS="472"
                    VPOS="923"
                    WIDTH="1931"
                    HEIGHT="96">
            <Shape><Polygon POINTS="475 991 472 1005 549 1019 552 1019 2401 1017 2403 996 2401 942 2284 926 2281 926 2113 940 2108 940 2080 926 2078 926 2075 926 2012 940 2010 940 1982 926 1979 926 1977 926 1895 940 1888 942 1621 942 1619 940 1589 926 1586 926 1584 926 1327 937 1303 923 1301 923 1298 923 1193 923 1191 923 1188 923 1186 923 1167 937 1165 940 1069 940 1067 937 1050 923 1048 923 1046 923 1043 923 1041 923 987 937 982 937 980 937 912 923 910 923 908 923 865 937 861 937 475 937 475 991"/></Shape>
	    <String CONTENT="ner envie de chier. Mes gardiens regardent en l’air,"
                    HPOS="472"
                    VPOS="923"
                    WIDTH="1931"
                    HEIGHT="96"
                    WC="0.9857171189326507"></String>
          </TextLine>

          
          
          <TextLine ID="eSc_line_85242b30"
                    TAGREFS="LT4161"
                    BASELINE="477 1103 2398 1099" 
                    HPOS="475"
                    VPOS="1029"
                    WIDTH="1923"
                    HEIGHT="103">
            <Shape><Polygon POINTS="477 1103 477 1132 552 1117 1001 1129 1004 1129 1074 1117 1434 1127 1437 1127 1439 1127 1441 1127 1460 1115 2394 1127 2398 1099 2394 1047 2153 1047 2118 1029 2115 1029 2113 1029 2111 1029 2059 1045 1994 1029 1991 1029 1923 1029 1921 1029 1919 1029 1916 1029 1893 1045 1668 1045 1617 1029 1614 1029 1612 1029 1610 1029 1544 1045 1472 1029 1469 1029 1467 1029 1418 1047 1331 1031 1329 1031 1249 1047 1212 1031 1209 1031 1123 1031 1121 1031 1032 1047 641 1038 638 1038 475 1050 477 1103"/></Shape>
	    <String CONTENT="je me recroqueville dans le chaume. En dessous,"
                    HPOS="475"
                    VPOS="1029"
                    WIDTH="1923"
                    HEIGHT="103"
                    WC="0.9936799686005775"></String>
          </TextLine>

          
          
          <TextLine ID="eSc_line_914afc5a"
                    TAGREFS="LT4161"
                    BASELINE="477 1199 1652 1204" 
                    HPOS="475"
                    VPOS="1136"
                    WIDTH="1177"
                    HEIGHT="94">
            <Shape><Polygon POINTS="477 1199 475 1218 491 1227 493 1227 496 1227 498 1227 1013 1218 1074 1230 1076 1230 1649 1218 1652 1204 1649 1155 1380 1155 1380 1153 1366 1141 1366 1139 1364 1139 1362 1139 1359 1139 1242 1153 1231 1153 1221 1153 1149 1139 1146 1139 1144 1139 1102 1153 1097 1153 821 1153 821 1150 805 1136 802 1136 800 1136 798 1136 737 1150 732 1153 571 1153 568 1150 540 1136 538 1136 535 1136 477 1148 477 1199"/></Shape>
	    <String CONTENT="des vaches se mettent à mugir."
                    HPOS="475"
                    VPOS="1136"
                    WIDTH="1177"
                    HEIGHT="94"
                    WC="0.9953347425306996"></String>
          </TextLine>

          
          
          <TextLine ID="eSc_line_7b2e32cc"
                    TAGREFS="LT4161"
                    BASELINE="568 1312 2403 1307" 
                    HPOS="566"
                    VPOS="1237"
                    WIDTH="1837"
                    HEIGHT="105">
            <Shape><Polygon POINTS="568 1312 571 1342 608 1328 648 1340 650 1340 652 1340 744 1328 922 1340 957 1340 959 1340 961 1340 964 1340 964 1337 980 1328 1046 1337 1055 1337 1057 1337 1128 1337 1507 1326 1767 1328 2291 1337 2293 1337 2403 1321 2403 1307 2398 1255 2319 1237 2317 1237 2314 1237 2270 1253 2169 1241 2167 1241 2164 1241 2162 1241 2148 1255 1727 1255 1631 1237 1628 1237 1626 1237 1596 1253 1575 1237 1572 1237 1570 1237 1486 1237 1483 1237 1355 1258 1263 1258 1242 1241 1240 1241 1238 1241 1235 1241 1233 1241 1231 1241 1214 1255 1074 1255 1041 1239 1039 1239 980 1239 978 1239 975 1239 973 1239 954 1253 936 1239 933 1239 931 1239 929 1239 830 1253 762 1239 760 1239 657 1255 603 1239 601 1239 599 1239 596 1239 594 1239 566 1253 568 1312"/></Shape>
	    <String CONTENT="A présent, ils sont sur l’échelle, je peux entendre"
                    HPOS="566"
                    VPOS="1237"
                    WIDTH="1837"
                    HEIGHT="105"
                    WC="0.9874014809446515"></String>
          </TextLine>

          
          
          <TextLine ID="eSc_line_7dceec66"
                    TAGREFS="LT4161"
                    BASELINE="475 1417 2401 1412" 
                    HPOS="472"
                    VPOS="1344"
                    WIDTH="1929"
                    HEIGHT="92">
            <Shape><Polygon POINTS="475 1417 475 1433 2396 1436 2401 1412 2396 1361 2317 1344 2249 1344 2246 1344 2244 1344 2242 1344 2223 1358 2143 1347 2141 1347 2139 1347 2136 1347 2120 1358 2120 1361 1909 1361 1907 1358 1886 1344 1884 1344 1881 1344 1879 1344 1877 1344 1823 1358 1818 1361 1568 1361 1565 1358 1549 1344 1547 1344 1544 1344 1542 1344 1539 1344 1537 1344 1518 1356 1312 1347 1310 1347 1308 1347 1305 1347 1291 1356 1284 1361 472 1356 475 1417"/></Shape>
	    <String CONTENT="les barreaux craquer. Il faut que je fasse vite. J’ai"
                    HPOS="472"
                    VPOS="1344"
                    WIDTH="1929"
                    HEIGHT="92"
                    WC="0.9843733625591926"></String>
          </TextLine>

          
          
          <TextLine ID="eSc_line_e6731b58"
                    TAGREFS="LT4161"
                    BASELINE="472 1520 2398 1515" 
                    HPOS="470"
                    VPOS="1452"
                    WIDTH="1928"
                    HEIGHT="101">
            <Shape><Polygon POINTS="472 1520 472 1538 648 1553 650 1553 652 1553 697 1538 702 1538 957 1538 959 1538 1008 1553 1011 1553 1013 1553 1015 1553 1018 1553 1036 1538 1039 1538 1240 1538 1245 1538 1432 1553 1434 1553 1437 1553 1488 1536 1495 1536 1511 1536 1638 1550 1640 1550 1743 1536 1755 1536 1933 1536 2134 1536 2183 1550 2185 1550 2188 1550 2396 1534 2398 1515 2391 1464 1987 1466 1977 1464 1935 1452 1933 1452 1930 1452 1928 1452 1926 1452 1909 1464 1905 1468 1631 1468 1619 1466 1532 1452 1530 1452 1528 1452 1502 1466 1497 1468 1128 1468 1118 1466 1057 1454 1055 1454 1053 1454 1018 1468 1015 1468 999 1454 997 1454 994 1454 910 1454 908 1454 905 1454 877 1468 875 1468 870 1468 800 1454 798 1454 795 1454 793 1454 777 1468 774 1471 470 1471 472 1520"/></Shape>
	    <String CONTENT="un peu de PO dans ma poche, je me baisse pour"
                    HPOS="470"
                    VPOS="1452"
                    WIDTH="1928"
                    HEIGHT="101"
                    WC="0.9736280547247993"></String>
          </TextLine>

          
          
          <TextLine ID="eSc_line_0d93dbea"
                    TAGREFS="LT4161"
                    BASELINE="472 1627 2398 1627" 
                    HPOS="472"
                    VPOS="1557"
                    WIDTH="1926"
                    HEIGHT="98">
            <Shape><Polygon POINTS="472 1627 472 1655 692 1644 1689 1644 1717 1648 1769 1655 1771 1655 2398 1641 2398 1627 2398 1574 1996 1574 1965 1557 1963 1557 1877 1557 1874 1557 1762 1571 1694 1557 1692 1557 1589 1571 1521 1557 1518 1557 1516 1557 1514 1557 1495 1571 1465 1560 1462 1560 1460 1560 1114 1571 1013 1557 1011 1557 1008 1557 966 1571 798 1557 795 1557 718 1574 472 1574 472 1627"/></Shape>
	    <String CONTENT="poser culotte. Ils avancent dans la paille qui crisse"
                    HPOS="472"
                    VPOS="1557"
                    WIDTH="1926"
                    HEIGHT="98"
                    WC="0.9813585899910837"></String>
          </TextLine>

          
          
          <TextLine ID="eSc_line_74dbd7b5"
                    TAGREFS="LT4161"
                    BASELINE="472 1733 2398 1728" 
                    HPOS="470"
                    VPOS="1660"
                    WIDTH="1928"
                    HEIGHT="87">
            <Shape><Polygon POINTS="472 1733 472 1747 2396 1744 2398 1728 2394 1676 2331 1662 2328 1662 2326 1662 2284 1676 2054 1676 1970 1660 1968 1660 1965 1660 1963 1660 1944 1676 1879 1676 1825 1660 1823 1660 1820 1660 1750 1674 1696 1660 1694 1660 1692 1660 1689 1660 1687 1660 1668 1676 1507 1676 1434 1660 1432 1660 1429 1660 1427 1660 1399 1676 1071 1662 1069 1662 1067 1662 1022 1676 959 1662 957 1662 954 1662 952 1662 933 1679 751 1679 674 1662 671 1662 470 1679 472 1733"/></Shape>
	    <String CONTENT="sous les pieds. J’ai fini. Je me torche. Il me reste"
                    HPOS="470"
                    VPOS="1660"
                    WIDTH="1928"
                    HEIGHT="87"
                    WC="0.9920442975484408"></String>
          </TextLine>

          
          
          <TextLine ID="eSc_line_87af63e2"
                    TAGREFS="LT4161"
                    BASELINE="468 1838 2396 1838" 
                    HPOS="468"
                    VPOS="1770"
                    WIDTH="1928"
                    HEIGHT="96">
            <Shape><Polygon POINTS="468 1838 468 1852 858 1866 861 1866 2396 1854 2396 1838 2396 1786 2183 1786 2134 1770 2132 1770 2129 1770 2127 1770 2125 1770 2104 1784 1848 1784 1743 1770 1741 1770 1738 1770 1736 1770 1715 1784 1642 1770 1640 1770 1638 1770 1598 1784 1518 1770 1516 1770 1434 1784 1254 1770 1252 1770 1249 1770 1193 1786 861 1786 781 1770 779 1770 777 1770 774 1770 753 1786 468 1786 468 1838"/></Shape>
	    <String CONTENT="encore du papier, je l’émiette, le froisse, vite mon"
                    HPOS="468"
                    VPOS="1770"
                    WIDTH="1928"
                    HEIGHT="96"
                    WC="0.9887286851990897"></String>
          </TextLine>

          
          
          <TextLine ID="eSc_line_f4c605b8"
                    TAGREFS="LT4161"
                    BASELINE="468 1941 2387 1936" 
                    HPOS="465"
                    VPOS="1871"
                    WIDTH="1922"
                    HEIGHT="103">
            <Shape><Polygon POINTS="468 1941 468 1959 725 1974 727 1974 795 1959 802 1959 807 1959 877 1974 879 1974 882 1974 915 1959 917 1959 964 1959 1413 1969 1415 1969 1790 1957 1832 1957 1855 1957 2136 1971 2139 1971 2384 1955 2387 1936 2382 1889 2321 1889 2319 1887 2286 1871 2284 1871 2281 1871 2279 1871 2230 1887 2228 1889 1710 1889 1706 1885 1685 1871 1682 1871 1680 1871 1628 1871 1626 1871 1624 1871 1621 1871 1603 1885 1598 1887 1460 1887 1460 1885 1429 1871 1427 1871 1425 1871 1338 1873 1336 1873 1312 1885 1301 1892 847 1892 835 1882 823 1873 821 1873 819 1873 816 1873 814 1873 784 1882 760 1889 674 1882 571 1873 568 1873 465 1880 468 1941"/></Shape>
	    <String CONTENT="Lippo, et je vais voir ailleurs. Je m’accroupis der¬"
                    HPOS="465"
                    VPOS="1871"
                    WIDTH="1922"
                    HEIGHT="103"
                    WC="0.9925550577732233"></String>
          </TextLine>

          
          
          <TextLine ID="eSc_line_60b37f8a"
                    TAGREFS="LT4161"
                    BASELINE="468 2048 1617 2048" 
                    HPOS="468"
                    VPOS="1981"
                    WIDTH="1149"
                    HEIGHT="86">
            <Shape><Polygon POINTS="468 2048 468 2067 1617 2067 1617 2048 1617 1995 1589 1981 1586 1981 1584 1981 1504 1995 1469 1981 1467 1981 1465 1981 1462 1981 1415 1995 1317 1981 1315 1981 1228 1995 1191 1981 1188 1981 1186 1981 1184 1981 1181 1981 1181 1983 1170 1995 982 1995 898 1981 896 1981 650 1995 510 1981 507 1981 505 1981 468 1995 468 2048"/></Shape>
	    <String CONTENT="rière un autre monticule doré."
                    HPOS="468"
                    VPOS="1981"
                    WIDTH="1149"
                    HEIGHT="86"
                    WC="0.9710989389568567"></String>
          </TextLine>

          
          
          <TextLine ID="eSc_line_b96ffa6b"
                    TAGREFS="LT4161"
                    BASELINE="559 2151 2389 2147" 
                    HPOS="557"
                    VPOS="2079"
                    WIDTH="1832"
                    HEIGHT="103">
            <Shape><Polygon POINTS="559 2151 559 2170 1245 2182 1247 2182 1451 2170 1509 2168 1614 2170 1961 2179 1963 2179 2387 2168 2389 2147 2387 2097 2349 2079 2347 2079 2298 2079 2295 2079 2293 2079 2291 2079 2267 2097 2061 2097 2033 2097 2031 2095 2001 2079 1998 2079 1996 2079 1994 2079 1947 2095 1846 2081 1844 2081 1649 2095 1638 2095 1635 2095 1614 2079 1612 2079 1610 2079 1607 2079 1460 2095 1422 2100 1359 2100 1350 2095 1327 2081 1324 2081 1266 2081 1263 2081 1261 2081 1259 2081 1245 2093 1240 2097 1228 2093 1193 2081 1191 2081 1188 2081 1062 2093 1011 2100 966 2100 959 2093 945 2081 943 2081 940 2081 938 2081 865 2093 830 2100 674 2100 662 2093 641 2081 638 2081 636 2081 557 2090 559 2151"/></Shape>
	    <String CONTENT="Ils se sont arrêtés, ils ont dû m’entendre, puis ils"
                    HPOS="557"
                    VPOS="2079"
                    WIDTH="1832"
                    HEIGHT="103"
                    WC="0.9778951200571927"></String>
          </TextLine>

          
          
          <TextLine ID="eSc_line_6f82e5b2"
                    TAGREFS="LT4161"
                    BASELINE="463 2259 2389 2259" 
                    HPOS="463"
                    VPOS="2205"
                    WIDTH="1926"
                    HEIGHT="73">
            <Shape><Polygon POINTS="463 2259 463 2278 2389 2278 2389 2259 2389 2205 463 2205 463 2259"/></Shape>
	    <String CONTENT="continuent de progresser avec précaution dans le"
                    HPOS="463"
                    VPOS="2205"
                    WIDTH="1926"
                    HEIGHT="73"
                    WC="0.9862515439792555"></String>
          </TextLine>

          
          
          <TextLine ID="eSc_line_eba9610d"
                    TAGREFS="LT4161"
                    BASELINE="463 2364 2389 2359" 
                    HPOS="461"
                    VPOS="2296"
                    WIDTH="1928"
                    HEIGHT="99">
            <Shape><Polygon POINTS="463 2364 463 2383 802 2383 809 2383 872 2395 875 2395 938 2383 943 2380 1495 2380 1523 2380 1682 2392 1685 2392 1755 2380 1764 2380 1774 2380 1867 2392 1869 2392 1872 2392 1900 2380 1923 2392 1926 2392 1928 2392 2221 2380 2225 2380 2228 2380 2307 2392 2309 2392 2387 2378 2389 2359 2384 2313 2141 2313 2068 2296 2066 2296 1991 2310 1923 2296 1921 2296 1851 2310 1776 2296 1774 2296 1617 2310 1425 2296 1422 2296 1420 2296 1390 2313 1259 2313 505 2299 503 2299 500 2299 461 2313 463 2364"/></Shape>
	    <String CONTENT="chaume qui crisse sous leurs pieds, des fois que"
                    HPOS="461"
                    VPOS="2296"
                    WIDTH="1928"
                    HEIGHT="99"
                    WC="0.9943216120203336"></String>
          </TextLine>

          
          
          <TextLine ID="eSc_line_17188536"
                    TAGREFS="LT4161"
                    BASELINE="486 2481 606 2469 1167 2469" 
                    HPOS="484"
                    VPOS="2402"
                    WIDTH="683"
                    HEIGHT="102">
            <Shape><Polygon POINTS="486 2481 491 2504 510 2490 521 2500 521 2502 524 2502 526 2502 528 2502 531 2502 573 2488 812 2488 819 2495 823 2500 823 2502 826 2502 828 2502 830 2502 1165 2486 1167 2469 1165 2413 1116 2402 1114 2402 1111 2402 1025 2416 1011 2416 999 2416 922 2404 919 2404 851 2416 837 2416 484 2416 486 2481"/></Shape>
	    <String CONTENT="y serais planqué."
                    HPOS="484"
                    VPOS="2402"
                    WIDTH="683"
                    HEIGHT="102"
                    WC="0.9908229211966196"></String>
          </TextLine>

          
          
          <TextLine ID="eSc_line_18a17722"
                    TAGREFS="LT4161"
                    BASELINE="552 2575 2391 2570" 
                    HPOS="549"
                    VPOS="2500"
                    WIDTH="1842"
                    HEIGHT="103">
            <Shape><Polygon POINTS="552 2575 552 2591 753 2603 755 2603 758 2603 791 2591 795 2591 856 2591 1308 2600 1310 2600 1799 2589 1832 2589 1844 2589 2019 2600 2022 2600 2089 2589 2356 2600 2359 2600 2361 2600 2391 2586 2391 2570 2387 2518 2307 2516 2288 2500 2286 2500 2284 2500 2281 2500 2178 2516 2139 2500 2136 2500 2134 2500 2132 2500 2089 2516 2087 2518 1893 2518 1891 2516 1872 2500 1869 2500 1867 2500 1865 2500 1788 2516 1781 2516 1722 2516 1617 2514 1600 2500 1598 2500 1596 2500 1593 2500 1467 2516 1453 2516 1448 2516 1432 2502 1429 2502 1427 2502 1425 2502 1422 2502 1378 2514 1371 2516 1362 2514 1317 2502 1315 2502 1312 2502 1310 2502 1308 2502 1291 2514 1284 2521 1034 2521 1027 2514 1013 2502 1011 2502 1008 2502 1006 2502 1004 2502 964 2514 947 2518 936 2514 910 2502 908 2502 823 2502 821 2502 819 2502 816 2502 802 2514 795 2518 645 2518 638 2514 627 2502 624 2502 622 2502 620 2502 549 2511 552 2575"/></Shape>
	    <String CONTENT="Bingo! le faisceau de lumière me happe derrière"
                    HPOS="549"
                    VPOS="2500"
                    WIDTH="1842"
                    HEIGHT="103"
                    WC="0.9906514810056103"></String>
          </TextLine>

          
          
          <TextLine ID="eSc_line_cce31d15"
                    TAGREFS="LT4161"
                    BASELINE="461 2680 2389 2675" 
                    HPOS="458"
                    VPOS="2605"
                    WIDTH="1931"
                    HEIGHT="103">
            <Shape><Polygon POINTS="461 2680 461 2696 1041 2708 1043 2708 1144 2696 1146 2696 1153 2696 1523 2706 1525 2706 1528 2706 1563 2694 1565 2694 1823 2694 1827 2694 1921 2706 1923 2706 2092 2694 2162 2706 2164 2706 2281 2694 2359 2706 2361 2706 2363 2706 2389 2692 2389 2675 2387 2624 2335 2605 2333 2605 2331 2605 2328 2605 2286 2621 2216 2605 2214 2605 2106 2621 2085 2605 2082 2605 2080 2605 2078 2605 2001 2619 1963 2605 1961 2605 1958 2605 1956 2605 1921 2624 1600 2624 1547 2605 1544 2605 1542 2605 1539 2605 1537 2605 1516 2621 1420 2624 1308 2612 1305 2612 1303 2612 1301 2612 1284 2626 1184 2626 1151 2607 1149 2607 1146 2607 816 2624 781 2607 779 2607 713 2607 711 2607 709 2607 676 2621 622 2607 620 2607 617 2607 615 2607 557 2624 498 2607 496 2607 493 2607 491 2607 458 2624 461 2680"/></Shape>
	    <String CONTENT="des balles empilées et rangées en carré. Boule de"
                    HPOS="458"
                    VPOS="2605"
                    WIDTH="1931"
                    HEIGHT="103"
                    WC="0.9966903512294476"></String>
          </TextLine>

          
          
          <TextLine ID="eSc_line_5e709285"
                    TAGREFS="LT4161"
                    BASELINE="461 2785 2387 2780" 
                    HPOS="458"
                    VPOS="2713"
                    WIDTH="1929"
                    HEIGHT="91">
            <Shape><Polygon POINTS="461 2785 461 2804 2384 2799 2387 2780 2382 2731 2221 2731 2146 2713 2143 2713 2141 2713 2139 2713 2115 2731 2045 2731 2010 2713 2008 2713 1869 2713 1867 2713 1865 2713 1830 2731 1521 2731 1500 2715 1497 2715 1495 2715 1493 2715 1418 2734 1233 2734 1172 2715 1170 2715 1167 2715 1165 2715 1125 2731 1095 2715 1092 2715 1034 2715 1032 2715 1029 2715 1027 2715 1004 2734 957 2734 858 2715 856 2715 854 2715 793 2734 458 2734 461 2785"/></Shape>
	    <String CONTENT="neige me bondit dessus et m’immobilise. Je me"
                    HPOS="458"
                    VPOS="2713"
                    WIDTH="1929"
                    HEIGHT="91"
                    WC="0.977327573299408"></String>
          </TextLine>

          
          
          <TextLine ID="eSc_line_322a9047"
                    TAGREFS="LT4161"
                    BASELINE="458 2890 999 2886" 
                    HPOS="458"
                    VPOS="2818"
                    WIDTH="541"
                    HEIGHT="89">
            <Shape><Polygon POINTS="458 2890 458 2907 999 2902 999 2886 994 2837 929 2837 894 2818 891 2818 889 2818 781 2832 737 2818 734 2818 732 2818 730 2818 727 2818 727 2820 725 2820 713 2834 674 2820 671 2820 669 2820 667 2820 664 2820 664 2823 648 2837 641 2837 620 2837 606 2823 606 2820 603 2820 601 2820 599 2820 596 2820 594 2820 578 2837 468 2837 458 2890"/></Shape>
	    <String CONTENT="Imets à hurler."
                    HPOS="458"
                    VPOS="2818"
                    WIDTH="541"
                    HEIGHT="89"
                    WC="0.9870777763426304"></String>
          </TextLine>

          
          
          <TextLine ID="eSc_line_217f5039"
                    TAGREFS="LT4161"
                    BASELINE="559 2993 2389 2993" 
                    HPOS="559"
                    VPOS="2925"
                    WIDTH="1830"
                    HEIGHT="103">
            <Shape><Polygon POINTS="559 2993 559 3012 1034 3012 1064 3026 1067 3026 1069 3028 1149 3028 1149 3026 1151 3026 1153 3026 1172 3012 1254 3026 1256 3026 1343 3014 1425 3026 1427 3026 1521 3012 2111 3026 2113 3026 2115 3026 2148 3012 2389 3010 2389 2993 2389 2939 2370 2930 2368 2930 2366 2930 2363 2930 2293 2942 2235 2942 1937 2942 1933 2939 1884 2925 1881 2925 1879 2925 1877 2925 1834 2937 1820 2942 1771 2937 1649 2925 1647 2925 1645 2925 1626 2935 1612 2944 1240 2944 1195 2930 1172 2925 1170 2925 1167 2925 1165 2925 1163 2925 1158 2930 1142 2944 926 2944 802 2928 781 2925 779 2925 777 2925 774 2925 774 2928 751 2942 730 2925 727 2925 725 2925 723 2925 716 2925 659 2939 638 2925 636 2925 634 2925 559 2925 559 2993"/></Shape>
	    <String CONTENT="Tout d’un coup, la grange s’allume brusquement"
                    HPOS="559"
                    VPOS="2925"
                    WIDTH="1830"
                    HEIGHT="103"
                    WC="0.9831397572289342"></String>
          </TextLine>

          
          
          <TextLine ID="eSc_line_680204ac"
                    TAGREFS="LT4161"
                    BASELINE="456 3103 2387 3099" 
                    HPOS="454"
                    VPOS="3031"
                    WIDTH="1933"
                    HEIGHT="100">
            <Shape><Polygon POINTS="456 3103 456 3120 552 3131 554 3131 557 3131 559 3131 573 3120 575 3117 1429 3117 1460 3117 1626 3129 1628 3129 1748 3117 1759 3117 1764 3117 1802 3129 1804 3129 1806 3131 2040 3131 2040 3129 2043 3129 2045 3129 2061 3117 2064 3117 2066 3117 2197 3129 2199 3129 2384 3115 2387 3099 2384 3047 2349 3031 2347 3031 2345 3031 2342 3031 2281 3047 1795 3047 1692 3031 1689 3031 1523 3045 1420 3031 1418 3031 1343 3047 1317 3035 1315 3035 1312 3035 1132 3047 1029 3033 1027 3033 931 3047 849 3033 847 3033 671 3045 596 3033 594 3033 592 3033 552 3047 521 3033 519 3033 517 3033 514 3033 454 3049 456 3103"/></Shape>
	    <String CONTENT="et, dans l’encadrement d’une petite porte, apparaît"
                    HPOS="454"
                    VPOS="3031"
                    WIDTH="1933"
                    HEIGHT="100"
                    WC="0.9812502287901365"></String>
          </TextLine>

          
          
          <TextLine ID="eSc_line_c21b3341"
                    TAGREFS="LT4161"
                    BASELINE="456 3206 2387 3206" 
                    HPOS="456"
                    VPOS="3138"
                    WIDTH="1931"
                    HEIGHT="96">
            <Shape><Polygon POINTS="456 3206 456 3220 816 3234 819 3234 2387 3220 2387 3206 2387 3152 2340 3138 2338 3138 2335 3138 2080 3152 1979 3138 1977 3138 1975 3138 1916 3152 1886 3138 1884 3138 1881 3138 1706 3150 1628 3138 1626 3138 1624 3138 1621 3138 1603 3155 1483 3155 1460 3138 1458 3138 1455 3138 1453 3138 1343 3152 1308 3138 1305 3138 1303 3138 1301 3138 1298 3138 1277 3155 456 3155 456 3206"/></Shape>
	    <String CONTENT="un Vieux paysan qui tient un fusil de chasse à la"
                    HPOS="456"
                    VPOS="3138"
                    WIDTH="1931"
                    HEIGHT="96"
                    WC="0.9787710058689117"></String>
          </TextLine>

          
          
          <TextLine ID="eSc_line_4cfff8fa"
                    TAGREFS="LT4161"
                    BASELINE="454 3311 2382 3311" 
                    HPOS="454"
                    VPOS="3241"
                    WIDTH="1928"
                    HEIGHT="87">
            <Shape><Polygon POINTS="454 3311 454 3328 2382 3328 2382 3311 2382 3258 2333 3241 2331 3241 2328 3241 2242 3258 2155 3241 2153 3241 2150 3241 2097 3258 2012 3241 2010 3241 2008 3241 2005 3241 1982 3260 1928 3260 1750 3241 1748 3241 1745 3241 1692 3258 1628 3241 1626 3241 1624 3241 1516 3258 1455 3241 1453 3241 1451 3241 1448 3241 1446 3241 1422 3260 975 3260 915 3241 912 3241 910 3241 819 3258 786 3241 784 3241 699 3241 697 3241 695 3241 692 3241 669 3260 465 3260 454 3311"/></Shape>
	    <String CONTENT="Imain. Un pécore comme dans les livres de dans le"
                    HPOS="454"
                    VPOS="3241"
                    WIDTH="1928"
                    HEIGHT="87"
                    WC="0.9765677499771118"></String>
          </TextLine>

          
          
          <TextLine ID="eSc_line_a32527db"
                    TAGREFS="LT4161"
                    BASELINE="456 3419 2382 3414" 
                    HPOS="454"
                    VPOS="3346"
                    WIDTH="1928"
                    HEIGHT="87">
            <Shape><Polygon POINTS="456 3419 456 3433 2382 3428 2382 3414 2377 3363 2183 3346 2181 3346 2178 3346 2150 3360 2094 3346 2092 3346 2089 3346 2087 3346 2085 3346 2068 3360 2038 3349 2036 3349 2033 3349 2031 3349 2029 3349 2010 3363 1839 3363 1781 3346 1778 3346 1776 3346 1458 3360 1420 3346 1418 3346 1415 3346 1294 3363 1238 3349 1235 3349 1233 3349 1231 3349 1174 3365 940 3365 879 3349 877 3349 875 3349 872 3349 870 3349 847 3365 528 3365 479 3349 477 3349 475 3349 472 3349 470 3349 454 3358 456 3419"/></Shape>
	    <String CONTENT="temps, en chemise de nuit avec un bonnet de laine"
                    HPOS="454"
                    VPOS="3346"
                    WIDTH="1928"
                    HEIGHT="87"
                    WC="0.9789096567095542"></String>
          </TextLine>

          
          
          <TextLine ID="eSc_line_2bb15704"
                    TAGREFS="LT4161"
                    BASELINE="456 3524 2373 3520" 
                    HPOS="454"
                    VPOS="3452"
                    WIDTH="1919"
                    HEIGHT="100">
            <Shape><Polygon POINTS="456 3524 456 3538 1153 3552 1156 3552 1479 3538 1532 3538 1823 3538 1825 3538 1839 3550 1841 3550 1844 3550 1846 3550 2373 3538 2373 3520 2368 3470 1830 3470 1804 3466 1692 3452 1624 3452 1621 3452 1619 3452 1617 3452 1603 3466 1596 3468 1525 3463 1359 3454 1357 3454 1355 3454 1352 3454 1343 3463 1334 3470 1217 3470 1158 3461 1102 3454 1032 3454 1029 3454 1027 3454 1025 3454 1015 3461 1004 3470 973 3461 950 3454 947 3454 945 3454 875 3461 765 3470 685 3459 648 3454 645 3454 610 3459 535 3470 454 3459 456 3524"/></Shape>
	    <String CONTENT="à côtes sur la tête, qui lance d’une grosse voix:"
                    HPOS="454"
                    VPOS="3452"
                    WIDTH="1919"
                    HEIGHT="100"
                    WC="0.9848418327478262"></String>
          </TextLine>

          
          
          <TextLine ID="eSc_line_522b2bd5"
                    TAGREFS="LT4161"
                    BASELINE="559 3620 1734 3625" 
                    HPOS="557"
                    VPOS="3559"
                    WIDTH="1177"
                    HEIGHT="101">
            <Shape><Polygon POINTS="559 3620 557 3634 695 3636 718 3658 720 3658 723 3658 725 3658 809 3655 812 3655 814 3655 814 3653 830 3639 856 3653 858 3653 861 3655 950 3655 950 3653 952 3653 954 3653 954 3651 968 3639 1048 3653 1050 3653 1053 3653 1081 3639 1097 3655 1097 3658 1099 3658 1102 3658 1146 3660 1149 3660 1224 3643 1378 3660 1380 3660 1551 3641 1570 3653 1572 3653 1575 3653 1577 3653 1692 3641 1708 3653 1710 3653 1713 3653 1715 3653 1717 3653 1720 3653 1731 3639 1734 3625 1729 3562 1668 3573 1619 3564 1617 3564 1614 3564 1565 3580 1532 3564 1530 3564 1528 3564 1523 3564 1429 3576 1371 3566 1369 3566 1366 3566 1364 3566 1329 3580 1263 3566 1254 3566 1252 3566 1249 3566 1247 3566 1214 3580 1181 3569 1174 3566 1172 3566 1170 3566 1144 3569 1071 3578 1036 3571 1011 3564 1008 3564 1006 3564 1004 3564 985 3571 968 3578 964 3571 952 3562 952 3559 950 3559 947 3559 945 3559 879 3573 849 3578 826 3573 765 3559 709 3559 706 3559 704 3559 702 3559 702 3562 688 3576 683 3578 559 3578 559 3620"/></Shape>
	    <String CONTENT="– Qu’est-ce qui se passe ici ?"
                    HPOS="557"
                    VPOS="3559"
                    WIDTH="1177"
                    HEIGHT="101"
                    WC="0.9936459283034007"></String>
          </TextLine>

          
        </TextBlock>
        
        <TextBlock HPOS="2245.31005859375"
                   VPOS="3731.913330078125"
                   WIDTH="148.921630859375"
                   HEIGHT="119.052978515625"
                   ID="block_1"
                   TAGREFS="BT10606">
          <Shape><Polygon POINTS="2245.31 3731.91 2394.23 3731.91 2394.23 3850.97 2245.31 3850.97 2245.31 3731.91"/></Shape>
          
          
          <TextLine ID="eSc_line_90d7bbf5"
                    TAGREFS="LT4161"
                    BASELINE="2256 3814 2373 3807" 
                    HPOS="2251"
                    VPOS="3742"
                    WIDTH="122"
                    HEIGHT="89">
            <Shape><Polygon POINTS="2256 3814 2256 3831 2373 3826 2373 3807 2363 3742 2251 3749 2256 3814"/></Shape>
	    <String CONTENT="179"
                    HPOS="2251"
                    VPOS="3742"
                    WIDTH="122"
                    HEIGHT="89"
                    WC="0.9996665914853414"></String>
          </TextLine>

          
        </TextBlock>
        

        
      </PrintSpace>
    </Page>
  </Layout>
</alto>
