2977 4210
582 477 1802 100 — Il leur en faudrait davantage! Non, je les ai

477 580 1903 98 endormies et récupérées dans un grand sac. Main¬

479 687 1903 96 1enant, elles sont dans leurs petites maisons. Tu

489 788 557 84 veux les voir?

568 888 1807 89 Je pose les valises. Les deux zozos les récu¬

482 994 1898 100 pèrent. Sans attendre ma réponse, le prêtre a pris les

479 1099 1898 86 devants. Il contourne un bouquet de genêts et s’en¬

486 1202 1894 98 gage dans un petit sentier. Au bout, à l’ombre de

484 1307 1893 86 Châtaigniers, une douzaine de ruches sont alignées.

573 1408 1385 95 Il se retourne vers moi, je demande:

606 1515 1762 94 — Alors, c’est vrai, vous êtes un vrai curé?

615 1616 812 96 — Ça ne se voit pas?

571 1714 1799 91 Je jette aux deux autres un regard à la dérobée.

613 1821 1753 96 — T0us les curés que j’ai connus, c’étaient des

489 1922 1645 96 salopes... Mais si vous aimez les abeilles...

573 2023 1800 91 Le ratichon éclate de rire. Gêné et ravi, il se

484 2130 1891 94 retourne vers mes infirmiers et voit qu’ils ne sont

486 2228 1882 106 qu’à l’entrée du petit sentier, empêtrés par les valises.

648 2334 1722 98 — Posez-les, il dit. Personne ne va les voler.

566 2439 1807 87 Il tourne autour des ruches, me montrant son

482 2537 1881 94 élevage. Dans mon dos, j’entends Cul blanc écla¬

484 2645 1886 86 ter de rire. Rien de tel pour me faire marrer. Je

489 2752 1072 85 veux dire rétrospectivement.

566 3054 1800 103 Le rire de Philippe fait résonner le haut-parleur

477 3159 1886 103 du petit magnétophone. Un rire qui semble inex¬

477 3262 1893 101 tinguible. Luna jette un coup d’œil à Clotaire et

484 3365 1205 96 voit que lui aussi s’est dessoûlé.

587 3468 1779 101 — Oui, répond-il sans un geste pour arrêter le

477 3569 1896 114 lecteur. J’ai croisé le regard de Rémi, il pleurait

2235 3749 135 86 259
