2977 4210
540 416 1542 100 — Je suis un minable. Un débile minable.

512 526 930 91 — Tu sais bien que non.

500 617 1458 103 La lueur reparut dans l’œil de Philippe.

512 715 730 101 — Je vous déçois?

503 818 1771 96 — Non. Tu as tenté ta chance, c’est tout. Avec

407 930 1144 82 une autre, ç’aurait pu marcher.

503 1024 1771 98 – Vous êtes une drôle... Il resta un temps en

400 1127 1870 100 suspens puis, d’une seule émission de voix: Vous

397 1232 1023 87 êtes un drôle de mec, vous.

482 1333 1329 100 Luna ne put s’empêcher de sourire.

580 1438 1685 98 — Tu veux dire que tu n’en as jamais rencon¬

395 1543 541 98 tré comme ça.

477 1639 1112 103 Il acquiesça d’un hochement.

538 1742 1715 105 — Toi aussi, tu es un drôle de petit mec, Phi¬

388 1843 234 114 lippe.

472 1941 702 98 Il a toisa, indécis.

526 2053 1727 101 — Ça veut dire que vous ne me faites pas con¬

386 2151 306 91 fiance?

482 2250 1771 100 — Confiance? Luna éclata de rire. Disons

381 2362 1875 100 que ça dépend pourquoi, dit-elle avec un sourire

381 2467 325 98 ambigu.

463 2558 1055 108 Philippe fronça les sourcils.

477 2659 1773 112 – Moi, je n’ai pas la moindre confiance en

379 2780 227 92 vous.

473 2859 776 102 – Tu es si mal ici?

498 2979 295 96 — Oui.

468 3080 1591 105 – Dans trois jours, tu pars en Bretagne...

491 3185 1755 108 — Vous n’avez pas le droit de faire ce que

372 3295 442 87 vous faites.

454 3398 1802 89 Il la regardait par en dessous en continuant de

367 3503 1886 91 ranger les derniers débris de pastels. Luna eut un

2162 3683 94 89 73
