2977 4210
348 566 1739 95 adopter par un frère de maman! Mais j’adore ma

348 654 1732 92 sœur, je ne peux lui reprocher de vouloir se refaire

348 755 1734 82 une vie nouvelle après tout ce qui nous est tombé

348 844 1730 98 sur la gueule ici. Oh, je n’étais pas innocent, mais

344 935 1729 101 elle était plus que consentante: complice. Et je sais

346 1031 1451 98 pourquoi elle a choisi le Nouveau Monde.

428 1122 1643 91 Alu Canada, quand il fait froid au point que les

341 1234 1730 71 ours ne trouvent plus rien à se mettre dans la panse,

339 1314 1729 84 ils sortent de la forêt et s’approchent des villages

341 1408 1727 100 pour se morfaler les ordures. Nous aussi, quand je

346 1506 1720 79 vivais chez les Indiens et qu'on avait les pandores

339 1597 1729 91 au cul, on se pointait la nuit près des habitations

339 1693 1727 93 isolées pour disputer aux renards ce que l’on pou¬

341 1796 1732 72 vait degotter dans les poubelles. Camille m'en a

334 1880 1737 82 toujours voulu de s’être trouvée à l’écart de cette

334 1974 1734 93 affaire. Ce n’est pas ma faute si, quand Géronimo

332 2065 1736 96 a déboulé à la maison, elle était chez une petite

332 2163 1734 96 copine! Bref, si moi aussi j’ai fini par aller au

332 2259 1128 84 Canada, cétait à cause des ours.

416 2352 1650 99 Sans doute également pour mettre de l’ordre

329 2448 471 85 dans ma tête.

409 2542 1659 96 Comme il m’a fallu aussi mettre de l’ordre ce

334 2633 1341 105 jour-là à la décharge du Vert-Paradis...
