2977 4210
676 423 1858 105 frais... Elle ajoute plus bas: Philippe a pris des

674 528 1858 96 médicaments, il va dormir, il ne vous embêtera

676 645 178 96 pas.

765 736 1767 94 Elle à eu beau baisser la voix, j’ai l’oreille fine.

674 846 1853 101 Compte là-dessus, ma beauté, tes pilules de merde,

676 951 1856 103 je les ai recrachées vite fait, je marmonne. Abon

669 1057 1860 93 entendeur, salut, et je m'installe à l’arrière au milieu

671 1162 457 96 des valises.

762 1267 677 91 Elle nous rejoint.

793 1372 1341 103 — Allez, bon voyage, les enfants...

762 1475 1763 110 Boule de neige grimpe à côté de Fromage blanc

671 1588 1851 98 et range la grosse enveloppe dans la boîte à gants.

674 1688 1848 89 Coup de démarreur, le moteur de la Cherokee se

674 1793 1846 92 met à ronronner en sourdine; coup d’accélérateur,

676 1896 1839 94 le moulin vrombit. Jaime comment elle tourne,

671 1999 1842 101 cette mécanique, j’adore son ronflement. Les por¬

676 2102 1842 89 tières claquent, une dernière recommandation à la

674 2205 1841 98 con, un coup de klaxon pour dire OK et salut, on

676 2306 356 86 démarre.

765 2406 1746 94 Je me sens brusquement tout chose. Je me retoume

678 2504 1830 101 et j’agite deux doigts en direction de Luna. Putain,

676 2612 1823 91 c’est pas vrai, je pleure comme un vrai demeuré!

685 2710 1821 99 Tu m’entends, pétasse, je pleure, merde! Salope

676 2811 1825 89 de psycholâtre à la mords-moi-le-nœud! Heureu¬

671 2916 1833 96 Ssement que je te vois, pensive et soucieuse. Bien

669 3017 1828 100 fait pour ta gueule! Je ne sais ni pourquoi ni com¬

667 3124 997 84 ment, mais ça me console.

758 3215 1739 110 Elle n’a pas bougé. Sa silhouette s’éloigne. Dans

664 3325 1835 99 moins de deux secondes, à cause du virage de l’allée,

667 3428 1832 108 je ne la verrai plus. Mais la dermière image que j’aurai

667 3531 1830 105 de son Vert-Paradis pourri, c’est, à deux fenêtres

667 3702 138 87 124
