2977 4210
521 437 1889 100 Moi, je suis resté. Seul, j’ai fait ce qu’aucun humain

519 542 1889 87 n’aurait fait. Immobile au milieu de ces vagues qui

521 647 1887 89 déferlaient, j’ai sorti de mon blouson l’harmonica

519 750 1428 99 qui ne me quitte jamais et j’ai soufflé.

608 851 1793 100 Les bêtes surprises se sont arrêtées respectueuse¬

517 961 1886 84 ment et se sont mises à chanter pour me répondre.

526 1057 1875 91 Vous pouvez rigoler, mes enfoirés, les rats chan¬

512 1176 1891 75 taient pour moi. Evidemment, vous, vous n’auriez

510 1263 1891 93 entendu que des couinements horribles. De toute

512 1368 1889 91 façon, les rats sont des sages, ils auraient vu clair

507 1475 1690 85 dans votre jeu et ils vous auraient massacrés.

601 1581 1797 81 Pour me calmer je reprends mon classement.

507 1676 1887 101 En voulant ranger, ils ont foutu un sacré bordel;

510 1782 1132 100 je dois tout reprendre de zéro.

592 1880 1799 108 Quand j’ai tout mis en ordre, je sors les vieux chif¬

503 1990 1891 93 fons graisseux, je les entortille soigneusement autour

500 2090 1889 96 du crochet et le range, bien au fond sous mon siège.

519 2200 1737 85 Vous en faites pas, je vous raterai pas, les mecs...

596 2299 1791 91 Tout à mes affaires, je ne les ai pas écoutés mais,

503 2406 1881 96 à présent, je peux les entendre mes gardes-chiourme,

498 2502 1882 103 ils dégoisent à tout va. Ils parlent encore de gon¬

496 2612 1886 96 Zesses, ces malades. Je comprends qu’on s’est per¬

493 2713 1896 93 dus et ils s’engueulent pour une histoire de cartes. Il

496 2830 1888 86 faut vraiment que je mette un terme à leur putain

491 2921 388 98 de cirque.

580 3227 1800 101 Une main à la braguette, ils regardent autour

484 3328 1889 98 d’eux comme des idiots. Marrons, les bidons!

486 3435 1889 103 Aucune trace de leur Topineau, bien sûr Ils appellent.

587 3527 901 119 — Philippe! Philippe!

2253 3723 120 82 177
