2977 4210
463 343 1903 99 lus que le claquement de cette saloperie de cou¬

465 449 1901 95 Ve1lure. On pelait tous de froid, mais ils s’en fou¬

458 549 1912 98 1.41cnt. Il fallait arriver, c’était la seule chose qui

463 664 721 91 oiiptait pour eux.

549 760 1814 103 (Un calcul à la con: c’était compter sans la panne.

545 1080 1823 84 1à roue avant gauche a dû s’éventrer sur un bout

454 1174 1912 107 de ferraille. On a échappé de peu à la cata. La

456 1286 1905 96 lambre à air est fusillée. Je me marre car mes

458 1393 1905 94 e.qrdes-fous doivent réunir leurs économies et on

451 1499 1912 98 t1re à la courte paille pour savoir qui partirait à

456 1602 1900 98 unces pour aller acheter un pneu neuf. Bien obligé,

454 1709 1907 94 Jpulsque j’ai proprement massacré leur roue de

458 1812 1896 84 '.Cours avec mon crochet de boucher, mais évi¬

449 1929 1912 87 demment ces cons ne peuvent pas savoir que c’est

451 2020 1905 99 1loi ! Quand je te le dis, ma Lune. Je suis un délin¬

449 2126 1910 88 duant ! Nous sommes tous des délinquants, ceci le

454 2240 301 84 prouve.

538 2334 1823 98 Le sort désigne Cul blanc—il va sans dire que

449 2439 1912 103 je me suis arrangé pour—et le négro part tailler la

449 2547 1907 95 10ute. J’ai repéré tout près une cabane de canton¬

447 2649 1912 101 ller. Je pleurniche, me plains du froid et je propose

447 2750 1914 91 1 l’autre enfoiré d’allumer du feu en attendant le

447 2855 1909 92 l'etour du Black. Tu sais que ton Rémi n’est pas né

447 2963 1916 98 de la dernière pluie, pourtant il ne dit pas non. On

451 3070 1908 96 sc fait dans le gourbi une espèce de brasero et on

451 3178 1482 82 se niche dans un cocon de couvertures.

526 3276 1835 96 Ouand Cul noir revient en roulant sa roue devant

444 3384 1912 93 lui, on pionce comme des loirs et il doit nous secouer

449 3487 1907 105 pour nous réveiller. Il ne comprend pas pourquoi

2225 3672 134 81 233
