2977 4210
528 231 2074 103 été satisfaisantes. S’il lui était arrivé d’invoquer le

526 362 2076 98 machisme de ses partenaires pour s’en excuser, il

524 474 2078 115 eût été plus honnête d’imputer ce sentiment à sa

528 596 2069 119 propre attitude, bref à son esprit tordu. Quoi qu’il

526 720 2069 98 en soit, elle se taperait bien Clotaire. A cause du

524 842 2071 105 reste évidemment... À cause de ce qui s’était passé

528 961 2065 107 sur la route entre les trois garçons. C’est peut-être

526 1078 2064 107 aussi pour ça qu’elle a fait boire le jeune homme.

526 1195 2062 112 À présent, elle ne pense plus qu’aux efforts trop

528 1309 2060 115 grands qu’il faudrait pour le tirer de son sommeil

526 1431 1891 110 alcoolique, à tout le travail pour le faire jouir.

622 1543 1964 101 Elle se contente de fumer sa Dunhill à l’entrée de

524 1665 2062 107 la chambre en regardant le corps de bronze lisse et

528 1782 2051 107 soyeux du garçon endormi. Enfin, elle referme silen¬

524 1899 2052 100 cieusement la porte et revient vers sa table de travail.

526 2011 2039 105 Il y a une nuit dans la nuit, songe-t-elle en finis¬

528 2126 2044 107 sant le verre de rhum qu’elle avait à peine humé.

624 2465 995 96 Luna se reverse à boire.

627 2579 1931 108 À présent, elle se demande ce que Clotaire pour¬

526 2694 894 103 rait penser d’elle si...

622 2799 1931 110 Elle l’a fait venir pour parler de leur ami dis¬

528 2921 2032 100 paru mais elle devait avoir autre chose en tête, un

535 3035 2018 103 vieux compte à régler, une vengeance à exercer...

624 3138 1929 99 Elle pourrait retourner dans la chambre, réveiller

533 3253 581 105 le garçon et...

627 3360 1919 108 Mais pourquoi tout ce tintouin? Pour rien au

533 3470 1732 110 fond. D’ailleurs, elle n’en a pas le courage.

631 3583 1220 96 Alors Luna continue de boire.

540 3873 134 89 108
