2977 4210
863 456 1788 86 Brusquement il s’est détendu. D’une violente

769 556 1880 98 bourrade, il a envoyé le paysan dans les bras de

772 678 1877 82 Ses copains; il poussait des cris suraigus et voulait se

772 764 1867 103 jeter sur le type, mais un autre pécore l’a empoi¬

774 865 1870 98 gné et l’a soulevé de terre. Le môme criait de plus

769 963 1870 98 belle en se débattant. J’ai frappé le consommateur

767 1061 1868 94 qui l’a lâché. Rémi a profité de l’instant de flotte¬

767 1171 1870 101 ment pour nous empoigner chacun par le bras. Après

769 1272 1868 93 avoir jeté un billet de cent francs sur le comptoir,

769 1375 1257 96 il nous a embarqués vers la porte.

856 1473 1781 89 Un groupe aviné entourait la Cherokee. Des

767 1581 1875 95 Jeunes et des moins jeunes. Les poivrots n’étaient

769 1681 1866 96 pas forcément au courant de ce qui s’était passé

767 1784 1865 87 dans le bistrot, mais le temps que Rémi et moi ayons

767 1880 1865 101 sauté à l’avant, Philippe s’est mis à les insulter.

800 1983 1818 89 'Alors, les bouseux, z'avez jamais vu un 4x4?

767 2086 1858 89 Puis, comme Rémi se retournait pour le faire taire:

774 2186 1851 99 T0i, va te faire mettre! Et gueulant de plus belle:

767 2287 1865 89 Dégénérés ! Ploucs! Trouducs! A bas la France

762 2388 1866 91 et les enfoirés de franchouillards ! Vivent les

762 2495 321 98 nègres!

851 2596 1772 86 Rémi a emballé le moteur. Les cuitards vocifé¬

760 2696 1868 103 raient. Philippe feintait pour leur échapper. Il leur

762 2797 1866 89 a balancé deux bouteilles qu’il avait réussi à

760 2900 1870 89 cueillir dans la fuite puis il a sauté à l’arrière de la

767 3007 1856 96 voiture en claquant la portière. Les pochetrons se

760 3106 1863 100 sont aussitôt jetés sur le 4x4 flanquant coups de

760 3208 1865 103 poing et coups de pied dans la tôle puis ils ont

758 3309 1860 101 lancé des pierres et des canettes tandis qu’on fon¬

758 3414 1860 96 çait dans la nuit, les laissant fous de rage sous les

755 3513 417 88 réverbères.

758 3697 126 80 168
