2977 4210
411 678 1884 100 Rémi détenait une clé de l’appartement de Chloé.

409 783 1884 105 Il rentre sans frapper. À peine a-t-il poussé la porte

409 891 1889 103 que celle-ci surgit de la salle de bains en peignoir

409 998 1058 87 et lui rentre dedans aussitôt.

512 1101 1786 101 — Je t’avais pourtant dit de ne plus remettre

411 1204 483 103 les pieds ici.

498 1305 735 91 Rémi fait le brave:

514 1410 1781 100 — Ecoute ma chérie, sais-tu d’où on sort? de

414 1513 578 103 chez les flics...

503 1616 1788 107 Après avoir cligné de l’œil vers Clotaire, il conti¬

414 1735 744 94 nue sans vergogne:

514 1821 1784 106 – Délit de faciès, eh oui, les keufs voulaient

418 1934 1870 98 l’embarquer, tu me connais, je me suis interposé.

500 2039 1793 96 Et pour montrer qu’il est un vrai Bayard, il

416 2140 1875 93 montre sur sa figure les traces des coups que son

421 2242 1867 99 nouveau copain lui a balancés pour l’apitoyer.

418 2343 1873 89 Clotaire qui commence à peine à découvrir Rémi

421 2444 1874 100 aggrave leur cas en désignant le désordre laissé et

423 2547 1863 91 l’évier qui déborde de vaisselle sale. Il assure qu’ils

425 2654 1868 96 vont tout nettoyer mais Chloé le coupe aussitôt

423 2748 1868 112 pour le prendre à témoin. Elle est sûre qu’il n’y a

425 2865 712 93 pas un mot de vrai.

517 2958 1771 91 — De la tchatche, dit-elle, toujours de la tchatche

423 3068 960 98 et même pas de panache!

552 3164 1732 105 — Et splatch! fait Rémi qui se force à sourire.

425 3274 1861 98 Ma Chloé, je veux pas te vexer mais tu voles au

425 3375 1070 102 ras des pâquerettes je te jure.

510 3475 1774 103 Elle tape du pied et se met à hurler qu’elle en a

425 3576 1264 93 marre de lui et de ses embrouilles.

2190 3760 91 82 95
