2977 4210
730 460 1917 84 Clotaire lui conseille gravement : Je te recom¬

734 558 1676 89 mande Marie-Rosette, c'est la plus gentille.

842 659 1812 101 — Mais elle tient plus de place, riposte Rémi

732 760 1922 103 en rigolant. Il ajoute, désignant le lit de Clotaire: Si

734 863 1910 98 le sien a la largeur du tien, je ferais mieux d’es¬

734 968 1915 98 sayer avec Léonne... À moins que je ne piétine tes

737 1066 568 101 plates-bandes.

828 1164 1823 108 Le nez penché dans un bouquin, Clotaire secoue

744 1267 271 94 la tête.

887 1384 1757 94 — C’est fini avec elles, c'est plus que des copines.

741 1473 1271 108 Enfin, on s’arrange, explique-t-il.

837 1578 1002 101 Rémi s’arrange à son tour.

826 1885 1821 107 Clotaire, qui n’ose pas remettre les pieds dans

744 1988 1900 100 l’hypermarché, bouquine. Au bout de trois jours

739 2090 1905 92 Rémi leur trouve un job. Il s’agit de travail au noir

739 2198 1903 101 dans un appartement au quatrième étage d’un im¬

734 2303 855 87 meuble en rénovation.

821 2409 1826 91 Clotaire est debout sur un escabeau, en train de

737 2518 1912 89 lessiver un mur dans une pièce encore semée de

739 2626 1905 103 gravats, quand arrive Rémi portant deux grands sacs

734 2731 1913 106 à carreaux genre Tiers Monde. Il les pose sur le

739 2844 351 107 plancher.

842 2951 1802 110 — Regarde ce que je t’ai dégotté. Il sort du sac

737 3070 1910 89 six grosss es boîtes de peinture et se trémousse sur

737 3173 1902 117 place: Mon pote, gratos, tout ça. Autant de gagné

739 3293 1905 103 sur les fournitures, non? Arrive un peu ici, j’ai à

739 3403 330 105 te parler.

819 3508 1820 112 Clotaire lui désigne l’échelle couchée sur le

734 3622 342 108 plancher.

730 3817 84 98 98
