2977 4210
812 428 1755 98 – Arrête la parano, tu veux... Des flics, moi,

702 537 603 96 1’en ai pas vu...

809 633 1238 96 — Parce qu’on les a semés, oui!

762 736 1803 84 Je me marre. Je me reporte trois ans en arrière.

681 842 1893 84 Nous aussi, le Renard, ma sœur et moi, on les avait

678 940 1889 89 bien baladés, les flics. Je me souviendrai toujours

676 1045 1891 84 de cette nuit-là. Des pécores à peine vêtus, avec

674 1148 1888 84 des seaux et des baquets qui couraient en direction

676 1248 1889 96 de la ferme que l’on voyait brûler au loin. Il y a

674 1349 1884 87 une demi-heure, c’était là qu’on était. Je n’avais

676 1447 1882 110 pas mon Zippo à l’époque mais des allumettes de

676 1557 1409 87 cuisine avaient très bien fait l’affaire.

765 1655 1788 103 Ca s’était passé après mon aventure chez les

671 1756 1882 91 Indiens. J’avais dit à Camille le nom que la tribu

669 1861 1882 103 m’avait donné. Topineau Philippe n’existait plus.

674 1962 1877 98 Pas plus que Pipeau, d’ailleurs. Sauf l’instit à l’école,

669 2067 1882 103 tout le monde disait Pipeau. Pipeau par-ci, Pipeau

671 2172 1884 96 par-là. Ces choses-là commençaient en classe et

667 2273 1881 93 continuaient à la maison, parfois l’inverse. Pipeau,

669 2373 1879 94 t’as fait tes devoirs?... Dépêche-toi, Pipeau, tu

678 2481 1870 87 vas être cn retard!... Dis donc Pipeau, tu t’es lavé

671 2586 1877 85 les mains ?... Les gens devaient se donner le mot.

671 2685 1877 88 Ca me mettait les boules. Mais, grâce à l’arrivée

669 2790 1872 86 des Indiens, le petit Topineau était devenu Héris-

671 2890 1475 103 son rouge. J’avais neuf ans, à l’époque.

760 2993 1788 91 Lors de l’incendie de cette ferme j’en avais dix,

667 3106 1884 77 mais j’étais resté Hérisson rouge. C’était en ma

664 3194 1882 106 qualité d’Indien que j’étais venu accomplir ce qui

664 3300 1875 98 devait être fait. Tout comme c’était en tant qu’In¬

662 3405 1879 98 dien que j’avais rappelé à ma sœur les horreurs

667 3513 1874 86 commises par les gendarmes, et comment ils avaient

664 3690 131 80 196
