2977 4210
500 430 1896 98 peut pas lui porter tort, conséquemment qu’il est

498 528 1891 98 décédé d’une attaque au cours de l’opération.

500 631 1884 96 Etant le plus ancien dans le grade le plus élevé,

498 734 1889 105 c’est moi qui ai dû terminer l’affaire. Et ronde¬

498 844 550 82 ment encore!

587 942 1802 103 Notez que le capitaine Laforêt, je pouvais le

493 1047 1894 99 comprendre: il voulait à toute fin épargner l’en¬

493 1148 1901 115 fant. Moi, je ne me faisais pas d’illusion. Quand

493 1251 1896 105 je l’ai vu arriver avec un scalp sanglant dans chaque

493 1363 1898 94 main, j’ai compris que pour ce gamin-là tout était

493 1457 1889 107 foutu. Je l’ai suivi, d’ailleurs. Quand j’ai appris

493 1562 1896 103 l’assassinat des parents Topineau, j’ai jamais cru

493 1665 1891 89 du crime d’un rôdeur. Bon, le môme était sale¬

491 1770 1896 89 mient secoué, mais il y avait du louche là-dedans

493 1875 1894 99 et comme je venais de prendre ma retraite, j’ai

493 1976 1657 89 laissé tomber. Aux collègues de le pendre...

587 2079 1804 103 (...) Oui, à présent, je regrette. On s’en serait

491 2186 1891 89 occupé plus tôt, toutes ces saloperies de massacres

493 2292 855 84 n’auraient pas eu lieu.

575 2392 1809 96 Je regrette surtout pour les éducateurs, mainte¬

489 2495 1895 96 nant que vous m’avez fait lire cet article sur Vert-

496 2598 1893 87 Paradis. Cette institution aurait dû garder l’enfant

491 2706 1893 98 soigneusement bouclé. Alors, permettez que je

491 2809 1893 95 rigole quand je vois imprimé noir sur blanc un

491 2909 1891 89 tissu de stupidités. Je veux bien qu’il soit question

491 3014 1896 99 des forces obscures qui agitent l’esprit humain. Ce

486 3117 1894 98 n’est pas pour ça qu’il est stupide, cet article, mais

486 3215 1898 108 parce que ce jobard de journaliste qui l’a écrit fait

489 3323 1268 98 appel à la conscience universelle.

592 3424 1795 103 (...) Quant aux autres mômes, ceux qui ont

489 3527 1893 124 disparu, il n’y a pas à se lamenter. Je le déplore

2295 3722 88 77 37
