2977 4210
856 430 1826 84 Je me mets brusquement à contrefaire sa voix.

884 530 1798 99 — Fromage blanc, c’est ma maman. Boule de

760 638 1917 101 neige, c’est mon papa. Enfin, c’est ce qu’il croit!...

758 743 1924 96 La vérité c’est que le Fromage lui a fait un têtard

760 844 1189 89 dans le dos avec un militaire...

854 949 1821 89 Je saute au cou du bidasse et je me mets à crier:

938 1052 1596 101 — C’est peut-être toi mon vrai papa, hein?

851 1157 1702 89 Le militaire se démène mais je le tiens serré.

863 1260 1814 103 – Philippe, si t’arrêtes pas tes conneries, c’est

755 1365 1920 89 moi qui vais t’en coller une! menace Cul blanc

760 1473 817 96 d’une voix coupante.

854 1578 1816 96 Je prends ma petite voix d’enfant capricieux.

875 1681 683 101 — Oh oui, papa !

847 1779 1825 92 Le soldat peut enfin serrer la main tendue de

760 1880 864 103 Boule de neige. Il dit:

863 1988 1809 100 — Moi, c’est Paul. J’ai deux jours de perm et

762 2090 1899 110 je suis basé dans l’Est... Rien que le voyage aller¬

758 2200 1238 85 retour, ça m’en bouffe la moitié.

849 2303 1821 101 Je le regarde d’un air intéressé et passe un doigt

762 2409 1901 88 Sur son écusson. Je demande d’une voix posée:

861 2514 1118 96 — C’est quoi comme arme ?

863 2612 1807 101 – Un détachement du génie. On est basés à

762 2715 422 94 Mulhouse.

856 2820 1812 101 – Génial! Moi, je suis un surdoué... Mon

762 2930 1903 91 Paulo, tu pouvais pas tomber mieux... Le Blanc,

760 3033 1905 96 Fromage blanc, c’est mon ordonnance... et (je

758 3136 1905 89 hurle dans son oreille en confidence)... et je com¬

758 3239 1910 100 mande un bataillon de tirailleurs sénégalais! Des

758 3346 1905 101 mecs comme ça! (Je lève mon pouce.) Avec des

762 3454 843 87 bites en acier chromé.

849 3552 1538 108 Boule de neige exhale un soupir fatigué.

751 3735 143 100 236
