2977 4210
449 439 1877 98 faire mousser, de donner à entendre que, lui, il fait

449 544 1870 89 l’amour comme un dieu. Mais c’était aussi sa ma¬

449 650 1877 89 nière de voir à lui. De toute évidence, la soumission

447 748 1872 105 était l’attitude qu’il attendait d’elle comme l’arro¬

451 856 1868 102 gance de Rémi était ce qu’elle attendait de lui. Tels

449 965 1865 99 deux camarades de jeux, chacun trouvait son compte

451 1071 1510 86 dans ce bizarre et très banal marivaudage.

1371 1368 30 70 *

447 1585 1870 87 La nuit est obscure, l’aube est encore loin. Luna est

451 1686 1861 89 seule. Elle est dans sa nuit. Le souvenir des paroles

449 1786 1860 99 échangées la touche au vif. Elle se lève soudain,

451 1894 1858 96 traverse avec rapidité le living qui lui sert aussi de

454 1992 1853 98 bureau et pousse doucement la porte de sa chambre.

535 2095 1777 98 Allongé sur le ventre, Clotaire dort dans la

451 2193 1851 101 pénombre. Comme il fait assez chaud dans la pièce,

451 2299 1856 98 il s’est découvert jusqu’au bas du dos. Sa chute de

447 2404 1862 98 reins est splendide. Le garçon constitue ainsi un

449 2504 1858 103 tableau pudique quoique légèrement troublant. La

449 2605 1856 103 bouteille de rhum vingt ans d’âge est posée vide

454 2708 880 101 sur le tapis à côté du lit.

531 2811 1774 105 La psy allume une Dunhill sur le pas de la porte.

447 2909 1851 105 Le récit de Clotaire l’a troublée, elle se sent légè¬

444 3021 1865 96 rement excitée par le spectacle qu’elle vient de

449 3122 1856 89 surprendre. Elle réagit pour un rien. Elle n’est pas

447 3218 1860 93 très fière de sa sensualité. En est-ce au fait? Cette

447 3321 1865 103 prétendue lascivité ne serait-elle pas indissociable

447 3421 1858 94 de sa foutue activité mentale ? Métisse, les rares

444 3522 1863 103 relations qu’elle a eues avec des Noirs n’ont guère

2188 3714 131 96 107
