2977 4210
599 406 1813 85 Clotaire la regarde étonné: c’étaient exactement

517 507 1895 103 les mots employés par le père Terraqué ; il revoit

514 610 1894 91 la tête de son copain terminant la pensée qu’il n’a

517 713 1750 89 OSée formuler. Pipeau ce plan! avait dit Rémi.

608 816 1800 98 – Pipeau ! répète maintenant Clotaire. Du

517 919 1886 107 Ipipeau, j’ai dit; l’abbé a hoché la tête. Du pipeau,

517 1026 793 99 il à répété après moi.

601 1127 733 89 Luna hoche la tête.

603 1227 508 96 — Et alors ?

599 1333 1797 103 – Le curé a soupiré. Il estimait que pour Phi¬

512 1447 1882 94 lippe ce projet-là était peut-être son maigre passe¬

512 1538 1886 103 port pour l’avenir. Il a dit: “J’y ferai très attention,

507 1641 1891 103 c’est son petit mot d’espoir, il faut s’efforcer de le

507 1747 1889 96 nourrir." Ce qui a fait doucement rigoler Rémi.

545 1850 1853 102 Faut pas vous faire d’illusion, il ne pense qu’à

516 1947 1404 101 vous rouler dans la farine, ce môme."

596 2053 1800 94 Le curé souriait. “Quand bien même? Si c’est

505 2154 1692 98 le prix à payer pour qu’il puisse surnager..."

594 2261 1802 94 Rémi a insisté lourdement: “Et si les abeilles ça

505 2361 1889 98 marche pas, vous lui ferez tâter du terre-neuvas?"

596 2472 1800 100 Le prêtre a dit: “Pourquoi pas ?" Puis il s’est tu,

510 2579 1886 87 Sa gouvernante revenait. Elle a étalé un journal sur

507 2682 1887 87 la table, elle sort des légumes et commence à les

505 2783 1891 103 éplucher pour préparer la soupe. Rémi a regardé sa

507 2886 1887 100 montre. “Qu’est-ce qu’il fabrique?" a -t-il demandé.

594 2989 1800 103 La bonne a répondu que le gamin était aux cabi¬

503 3092 1895 88 nets. Le curé s’est levé. Il a attrapé une bouteille de

507 3206 1891 94 goutte et nous a proposé un petit remontant. On a

505 3297 1891 92 refusé et Rémi s’est levé. “Je vais lui dire qu’on s’en

510 3403 1884 98 va.' Il s’est dirigé vers l’escalier, mais la servante lui

505 3503 1584 108 à indiqué la porte. "“Dans la cour'’, elle a dit.

2270 3690 135 80 265
