2977 4210
571 418 1767 103 ... A peine arrêté devant une pompe, Rémi a

482 521 1856 89 ouvert sa portière à la volée. Clotaire et moi en

482 626 1598 87 faisons autant. Je n’ai pas cessé de gueuler.

568 725 1760 100 — Qu’est-ce qui se passe? Tu veux pisser?

475 825 1853 94 demande Boule de neige comme s’il ne m’enten¬

479 935 312 101 dait pas.

557 1031 1776 105 Je le regarde surpris: une telle inconséquence me

477 1141 1856 86 calme brusquement et c’est d’un ton décontracté

475 1244 564 103 que je réponds.

596 1344 1735 99 — Non, allez-y, vous. Moi, je veux seulement

475 1445 484 86 des bonbons.

549 1543 1770 94 Clotaire me demande si j’ai des sous. Je lui fais

477 1651 1837 91 Ssigne que oui et, me couvrant la tête de mon blou¬

475 1754 1844 98 son, fonce sous la pluie vers la boutique. J’entre

470 1854 1839 98 en m’ébrouant comme un chien, sous l’œil désap¬

475 1959 1846 101 probateur d’un gros mec en salopette fluo rouge et

475 2062 1839 89 bleu. Je vais franchir le tourniquet du libre-service

475 2168 1282 86 quand le bonhomme me harponne.

571 2266 1280 100 — Dis donc, t’as vu tes paluches ?

545 2371 1760 103 Je le regarde interloqué, ça je sais bien faire,

468 2479 1844 84 comme si ce lascar bicolore s’adressait à moi en

470 2582 1832 98 langage codé. Puis je regarde mes menottes: elles

468 2685 1561 86 sont effectivement couvertes de cambouis.

571 2790 1406 98 — Qu’est-ce qu’elles ont mes mains?

545 2890 1757 101 — Non mais, elles sont dégueulasses! Tu vas

463 3000 1839 103 pas tripoter la marchandise avec des pognes

461 3101 1509 105 comme ça... Allez, zou! Va te les laver!

580 3211 1720 105 — De quoi tu te mêles, espèce de gros porc?

531 3316 1769 103 Le gros essaie de me choper, mais je lui file entre

456 3421 1844 106 les pattes en lui glaviotant à la figure. Je slalome

454 3531 1844 91 entre les rayons en déversant sur lui des tonnes de

2176 3723 122 84 139
