2977 4210
652 294 1992 87 chacun a embrassé le gamin et on est montés en

659 406 326 80 Voiture.

744 505 1895 105 Philippe a fait un pas en avant. Il se trouvait entre

650 612 1987 96 l’abbé et sa gouvernante. Tous trois ont fait de

652 725 1980 100 grands signes d’adieu. La camionnette a démarré,

645 830 1983 93 manœuvré et on s’en est allés. Rémi et moi, nous

645 940 1983 91 nous sommes retournés vers la maison qui s’éloi¬

648 1047 1980 101 gnait. Nous les avons vus les trois autres toujours

648 1153 1982 105 plantés là, à agiter les bras. Le môme avait une petite

648 1270 1264 84 mine, on l’aurait cru prisonnier.

737 1368 1888 103 Comme s’il l’avait compris, il s’est alors écarté

645 1480 1978 98 des deux autres; il s’est avancé un peu et a crié:

697 1583 1924 89 Vous reviendrez me voir ?... Je vous aime! Vous

645 1695 1976 89 êtes mes potes ! A bientôt! Je vous aime! Je vous

645 1800 1973 103 aime!’" Jai sorti mon bras par la vitre et l’ai agité

645 1915 1971 87 consciencieusement jusqu’à ce que la maison ait dis¬

650 2023 1968 100 paru dans un virage. Pour nous le supplice était fini.

734 2345 1884 89 Clotaire s’est tu. La suite ne lui semble pas digne

641 2451 1970 103 d’intérêt et, surtout, elle ne lui paraît guère grati¬

641 2556 1966 110 fiante. Pas plus pour Rémi que pour lui. Luna res¬

645 2671 1590 102 pecte son silence et, lui, il lui en sait gré.

1607 2982 42 65 4

636 3206 1978 105 Quelques kilomètres plus loim, les deux compères

638 3321 1971 89 avaient fait halte à un carrefour en rase campagne.

725 3424 1889 98 Au milieu des haies, un grand chêne faisait le

634 3534 1973 102 pendant d’un calvaire ancien environné de genêts.

629 3716 140 91 268
