2977 4210
732 568 1933 100 on a repéré cette échelle appliquée contre le mur.

826 463 1839 100 On est sortis un peu interloqués. Derrière la cure,

730 671 1940 93 Elle menait à l’étage, c’était par là que le gamin

730 781 1935 96 était descendu. Les cabinets étaient un peu plus

730 881 1940 103 loin, adossés au granit. Rémi a frappé à la porte et

727 987 1938 100 refrappé encore. Par un petit fenestron de côté,

744 1092 1926 114 lessayais d’apercevoir Philippe. Le gamin était

730 1195 1933 93 assis sur la lunette, la tête dans les mains. J’ai toqué

732 1302 382 87 à la vitre.

814 1403 1844 96 Le môme relève la tête, en sursaut, un peu hagard.

760 1515 1894 98 Qu’est-ce qui se passe? Qu’est-ce qui se passe?

723 1616 1935 103 (Il à répété ça avec une excitation grandissante

725 1721 1931 103 puis il m’a reconnu.) Dis, Cloclo, un chien, qu’est-ce

723 1820 1934 113 que ça lui fait si on lui casse une patte? Il souffre?"

809 1929 1845 105 Je n’ai pas le temps de lui répondre. "“On va partir

725 2039 1929 87 bonhomme, lui a annoncé Rémi, on voudrait te

719 2133 604 98 dire au revoir."

809 2242 1840 106 Philippe a ouvert la porte des toilettes et est sorti

718 2350 1933 101 dans la cour. Il m’a ignoré et s’est planté devant

720 2455 1922 96 Rémi. “*T’as vu comment je l’ai baratiné? Balèze,

716 2561 1926 102 non? Moi, les curés, je connaissais pas... ca a l’air

718 2668 1575 89 encore plus facile que les autres." Il riait.

807 2769 1830 105 Rémi l’a pris par les épaules. “Ecoute, mon Phi¬

718 2874 1919 108 phi, arrête ta frime." Il lui souriait avec une affec¬

718 2984 1921 100 tion dont je ne le croyais pas capable. Je suis resté

713 3087 1926 100 en retrait et il a ajouté : “T’es bien ici. Il a l’air

718 3197 1919 100 Sympa, ce curé. Alors sois cool, apprends ton truc

712 3290 611 95 des abeilles..."

802 3403 1833 91 Mais le môme s’est raidi d’un coup. Il regardait de

716 3510 1919 89 l’autre côté de la cour. Près de l’entrée de la porte

711 3615 1917 106 de la cuisine, le curé et un type en bleus et bottes

702 3798 142 89 266
