2977 4210
678 411 1849 108 charnue et joufflue, volumineuse et pansue, déjà

683 519 1837 86 arrondie de fesses et de seins d’accord, mais pas

681 624 840 94 une pute de magazine.

772 718 1743 91 Je vois son trou qui pisse grand ouvert. Je ne suis

678 816 1840 112 plus puceau, j’ai déjà niqué. Une vieille, avec des

676 926 1839 98 nichons gros comme des pastèques et un cul bien

678 1026 1837 87 large où je me suis perdu. Mais un sabord comme

674 1129 1837 98 celui de cette pauvre Yolaine, je n’ai encore pas

681 1227 1834 103 vu ça. Jamais j’aurais pensé qu’il y avait tellement

676 1328 1835 101 de place là-dedans. Elle doit déjà aimer la bite,

676 1431 1835 89 sûr. J’en suis tout surpris, je n’avais jamais vu la

676 1536 1837 98 grosse sous cet angle. Du coup, je pense à mon

676 1637 1832 96 petit outil, je ne serai jamais à la hauteur. Mais je

671 1744 1833 92 m’en fous, la patapouf me dégoûte de toute façon.

669 1833 1835 101 Elle bave tout le temps; et pas que par sa bou¬

669 1931 1837 108 che, d’après ce que je vois. Il y en a partout qui lui

667 2034 1834 103 coule. Des glaires et du sang. Ça dégouline dé¬

671 2137 1835 98 gueulasse sur ses cuisses et ça fait sous elle sur la

667 2238 1834 100 banquette éventrée un gros tas gélatineux et san¬

671 2345 1833 96 guinolent. C’est ça qui intéresse mes copines les

667 2448 355 85 mouettes.

746 2542 1760 91 Ces bêtes-là aiment la viande bien rouge. J’ai

664 2649 1837 89 beau les adorer, je ne peux les laisser faire, ces

664 2752 1840 89 enfoirées! Même si la Yoyo me débecte avec son

664 2860 1835 98 sourire idiot, ses yeux qui pleurent tout le temps

659 2963 1842 100 me touchent surtout depuis que j’ai compris qu’elle

662 3066 1837 96 avait été à moitié étranglée à sa naissance par le

659 3169 1847 103 cordon. Ç’aurait été mieux pour elle qu’elle le soit

659 3274 1842 94 complètement. Moi, il y a belle lurette que je l’ai

657 3379 1842 101 coupé, le cordon. Et sauvagement encore! Adieu,

657 3487 1840 107 petite maman chérie. J’espère que tu me vois et que

655 3674 89 89 56
