2977 4210
348 563 1739 84 indienne sur le bord du bureau. Lorsqu'elle se lève,

348 657 1737 91 ses bracelets s'entrechoquent et elle se dirige vers

346 746 1743 91 la porte dans un tintinnabulement cristallin. Elle

346 844 1739 84 tourne la clé dans la serrure et revient à sa table.

344 947 1736 79 En chemin, elle rencontre son visage dans le miroir

344 1029 585 86 fêlé fixé au mur.

428 1115 1653 98 “Je suis le diable, Luna. Le diable. Toi-même tu

337 1213 1600 95 ne peux en douter. Regarde-moi si tu l’oses!”

439 1312 1641 88 Yeux vert poison, pailletés d’or. Son regard à lui,

341 1403 1737 100 son regard à elle: ils ont le même, c’est la première

346 1496 1736 101 fois qu’elle le remarque. Elle note aussi qu'elle a

344 1595 1738 96 la mine toute grise. Depuis quelque temps, Luna

346 1695 1114 77 se reconnaît de moins en moins.

421 1777 1659 89 Elle attend d’être de nouveau environnée de la

344 1871 1734 103 fumée diaphane de son bidi pour déballer le paquet.

344 1967 1736 86 Elle le fait le plus lentement possible puis, sortant

341 2060 1734 91 un minimagnétophone d’un tiroir de son bureau,

341 2154 1732 86 elle introduit enfin la cassette n° 1 dans le lecteur.

428 2254 1020 80 La voix trop connue résonne.

428 2341 611 84 Il était une fois...

421 2434 1652 94 Les premiers mots la font sourire, ses lèvres

344 2528 1727 98 pleines s’étirent, découvrant une denture très

344 2621 1727 87 blanche, fine et régulière avec entre les incisives

346 2715 1725 86 supérieures ce vide émouvant qui les fait nommer

341 2809 1730 95 dents du bonheur. Ensuite, quand la parole se pré¬

341 2904 1734 85 cipite, son sourire s’étrécit et se flétrit; ses traits se

344 2998 1722 101 figent, des rides le crispent et un rideau de peau plis¬

346 3094 927 86 sée se tire sur son bonheur.
