2977 4210
1242 961 759 91 MAUXD’ENFANT

1062 1068 1140 99 SOUVENIRS D’EN FRANCE

1671 1375 908 105 K7ne 3-face A (suite)

814 1588 1044 93 — I1va dormir tu vas voir.

781 1684 1339 107 C’est ce qu’il a dit, Fromage blanc.

777 1786 1811 99 L’ahuri! Dormir, merde! Dormir... Dormir, c’est

692 1901 1898 94 ça que je veux, mais comment leur faire rentrer ça

690 2002 1886 93 dans la caboche? Et surtout comment m’en per¬

695 2105 749 86 suader moi-même?

774 2207 1809 94 Cette nuit-là n’est pas une nuit comme les autres,

695 2315 1888 96 On y voit trop clair. J’aime qu’une nuit en soit une.

695 2413 1891 98 J’ai vécu des nuits comme ça en Sologne et dans

695 2516 1888 89 le terrain vague derrière Vert-Paradis. Des nuits

697 2619 1893 91 Sans lune où les rats montent à l’assaut. Il suffit

697 2727 1886 98 qu’elle se montre pour éclairer canches et dépo¬

697 2830 1896 100 toirs. Alors, ces putains de décharges se changent

697 2935 1893 86 en collines où ondule un herbage inquiétant. Une

699 3038 1889 98 sorte de mousse brune piquetée ici et là d’yeux

702 3143 1692 94 rouges. Une herbe drue et vivace qui avance.

784 3241 1804 91 Je n’en connais pas un, habitant des villes, soldat

699 3349 1889 96 Ou paysan, adulte ou enfant, qui soit prêt à faire

702 3449 1886 99 face. A la vue de cette végétation extraordinaire qui

699 3557 1884 112 marche, tous n’ont qu’unè seule pensée, se carapater.

699 3742 134 77 176
