2977 4210
519 659 1889 101 Luna observe Clotaire, elle lui montre le magnéto¬

524 769 271 94 plone.

648 863 1334 102 — Vous préférez qu’on en reste là ?

638 968 1772 100 — Qu’est-ce que vous avez en tête? demande

519 1068 597 101 Clotaire ulcéré.

671 1174 428 96 — Pardon ?

664 1279 1461 103 — C’est vous qui m’avez appelé, non?

620 1382 1013 98 — Oui. Et vous êtes venu.

667 1489 837 89 – Je suis chez vous...

601 1583 1283 101 Il hésite. Elle le regarde. Il se tait.

620 1688 1067 103 — Qui êtes-vous, Clotaire ?

636 1791 1767 103 – Je suis, j’étais le meilleur ami de votre ami.

657 1896 744 99 — Ça m’étonnerait.

657 1999 1585 98 – Vous avez raison. Je crois que j’ai rêvé.

599 2107 1811 98 Il fronce les sourcils, s’approche en pointant

517 2205 1151 101 l’index sur la pile de cassettes.

636 2306 1767 103 — Ces bandes, vous les avez déjà écoutées,

512 2416 749 100 n’est-ce pas, Luna?

657 2516 297 96 — Non.

662 2612 1736 105 — Ad’autres. (Il désignait de l’index son œil

512 2724 1521 101 droit.) Vous m’avez attiré dans un piège.

662 2823 292 98 — Non.

613 2925 997 101 — Vous m’avez attendu ?

669 3035 789 94 — Je vous ai attendu.

599 3134 400 91 Il la toise.

643 3237 1077 102 — Que s’est-il passé, Luna?

674 3342 889 96 — Avous de me le dire.

594 3445 1802 103 Ils SOnt tout proches. Il lève la main pour la tou¬

505 3552 1364 89 cher. Une émotion bizarre le retient.

2267 3735 134 89 219
