2977 4210
706 467 1880 96 presque. Vous savez, ce genre de fou rire qui n’arrive

702 566 1877 91 qu’aux enterrements. D’un coup, tout a été balayé:

702 687 1879 82 rlen qu’un regard, et on se retrouvait comme avant.

704 774 1879 89 Son fou rire m’a gagné. Nous étions demeurés en

702 874 1874 98 arrière. Rémi s’est rapproché de moi. “L’enfoiré!

709 979 1870 99 T’as vu comme il l’a mis dans sa poche. Le cure¬

699 1080 1880 94 ton, il marche pas, il court!’’ J’ai acquiescé. Il cou¬

699 1192 1880 85 rait comme un malade, le curé! Vous comprenez

702 1295 351 94 ça vous?

784 1391 1792 94 La psy ne paraît pas étonnée. Elle confirme que

690 1499 1889 89 ce comportement est tout à fait dans le style de son

695 1604 294 98 patient.

788 1695 1788 101 — D'abord la séduction. Ensuite, quand la

690 1807 1877 89 machine est bien chaude, le retour de manivelle...

690 1915 1371 94 Je croyais que vous l’aviez compris.

774 2009 1795 91 Le rire de Philippe continue de courir sur la bande

683 2119 1889 84 et Clotaire songe que Luna a raison. Pourquoi lui

683 2217 1886 89 avoir posé cette question? Comme lui-même, Rémi

683 2327 1889 79 avait bien compris tout ça. Autrement, aurait-il

685 2425 1887 98 pris Clotaire par l’épaule et adoptant la mine et la

678 2528 1887 98 dégaine du prêtre qui leur tournait le dos et qui se

678 2631 1894 96 trouvait trop loin pour l’entendre: “Alors, mon petit

681 2734 1881 89 Marc, avait dit Rémi, t’es bien grandelet pour tes

678 2837 1891 86 douze ans. Et bien bâti avec çal’’ Et il mettait la

674 2942 1893 96 main à la braguette de son pote qui s’écartait en

676 3042 1849 89 riant. "Ho! Arrête tes conneries. Il va t’entendre!

762 3148 909 96 Clotaire ne répond rien.

758 3244 1804 105 D’ailleurs, le rire de Philippe décroît et sa voix

669 3358 950 84 reprend un cours normal.

657 3737 143 84 260
