2977 4210
400 437 1933 91 récupérées sur des chantiers et vernies. Ils laissent

404 544 1920 96 à peine apercevoir des carpettes et des tapisseries

397 643 1922 103 de toute origine. Les heures passent, la neige conti¬

402 748 541 86 nue à tomber.

486 842 1257 105 Clotaire rappelle vers 22 heures.

564 947 1415 103 — Vous avez des nouvelles de Rémi?

557 1057 1060 103 — Non, je vous expliquerai.

479 1160 1842 91 Luna lui donne son adresse personnelle et lui

386 1260 1933 94 demande de venir. L’ami de Rémi explique qu’il

390 1370 1519 101 partait dîner avec des amis. Elle insiste.

503 1473 627 101 — Venez après.

533 1574 1077 105 — Ça risque d’être fort tard.

542 1684 1463 100 — Pas d’importance, je vous attendrai.

470 1789 1847 91 Il est un peu plus d’une heure du matin. La nuit

374 1894 1938 98 est silencieuse. Clotaire a promis de venir, Luna

379 1997 1923 100 attend. Dehors, il n’y a plus ni terre ni ciel, ni ville;

379 2107 1923 100 il n’y a plus que les amas croulants de cette épaisse

376 2207 1756 106 poussière glacée d’un monde qui a dû éclater.

458 2310 1842 103 Elle regarde sa montre, allume une Dunhill puis,

372 2420 1933 94 comme son lecteur de cassettes est devant elle, elle

374 2528 667 89 le remet en route.
