2977 4210
542 442 1796 105 Ce Philou est de trop. Je me reprends et fixe le

472 554 855 86 contenu de son assiette.

580 654 1191 106 — Dégueu... A gerber, tout ça!

542 762 1798 105 Le négro fait signe à la serveuse médusée qu’elle

477 886 351 96 peut riper.

559 968 1786 112 — Il ne m’a pas l’air facile celui-là, elle fait

477 1082 438 94 avec dédain.

552 1195 1786 103 Tandis qu’elle s’éloigne je murmure entre mes

479 1302 232 91 dents.

594 1403 501 103 — Poufiasse !

547 1515 1791 103 La fille, qui a entendu la réflexion, se retourne.

484 1623 1100 100 Son air affligé me fait ricaner.

580 1726 435 103 — Pétasse )

552 1836 1790 100 Je sais que tout est foutu avec la petite fille. Je la

491 1948 1844 98 vois qui parle de nouveau à l’oreille de son nou¬

482 2051 1725 103 nours. Elle lui parle de moi, j’en suis persuadé.

596 2156 1030 101 – Pisseuse ! je lui balance.

557 2264 1783 91 La serveuse a pris pour elle la réflexion. Elle se

486 2373 1854 87 retourne encore une fois, bien décidée à ne pas se

486 2476 1845 99 laisser insulter davantage. Je chope mon assiette,

486 2584 1852 103 plonge sous la banquette. A genoux, je continue

482 2689 1858 101 de manger en leur tournant le dos à tous, coupant

484 2792 1849 91 court à l’intervention de la bonniche qui renonce.

486 2902 1854 91 lls ont raison, mes gardes-fous, je suis sérieusement

489 3003 257 96 timbré.

561 3108 1582 96 Je les entends chuchoter; Boule de neige:

669 3220 1666 103 Ça n’a pas tourné vinaigre, mais il s’en est

489 3321 451 107 fallu de peu.

564 3426 615 108 Fromage blanc:

573 3534 1755 102 – Faudrait pas traîner. Après l’autoroute, c’est

491 3639 1830 96 la brousse. Finis les beaux péages, finis les lumières

2204 3817 117 88 159
