2977 4210
781 551 864 96 S’allume une cigarette.

868 442 1800 105 Fromage blanc hausse les épaules, sifflote et

863 652 389 84 Je ricane.

777 856 1877 86 Le cancer du poumon, c’est atroce! Tu étouffes !

877 743 1773 99 – T’as pas peur du cancer? Faut faire gaffe!

781 951 1119 101 Tes poumons brûlent! T’es...

861 1059 496 98 Il me coupe.

872 1155 1782 108 – Dis donc, t’es pas gai ce matin... Tu peux

772 1258 887 107 pas changer de disque?

858 1363 1793 103 Boule de neige revient. Il porte un paquet de

767 1464 1882 93 croissants qu’il distribue. Il a lui-même la bouche

769 1569 274 100 pleine.

894 1667 1750 96 – Feuilleté au lait, à 1’ancienne, vous m’en

762 1770 789 87 direz des nouvelles !

858 1875 1026 87 Je lui fais un grand sourire.

860 1964 1765 109 – T’es vraiment sympa, Cloclo. T’es un pote!

851 2079 1788 98 Fromage blanc se retourne et me jette un regard

762 2184 319 82 en coin.

865 2280 1765 100 — Je croyais qu’il était con? Tu changes d’avis

760 2385 583 96 comme de slip.

844 2483 1788 94 Je me marre intérieurement et soutiens son regard

762 2610 565 82 Sans Vergogne.

875 2689 1341 96 — Il est con mais sympa. Toi t’es...

840 2794 1785 99 Je ne finis pas ma phrase: je n’ai pas dit qu’il

748 2893 1873 96 était un enfoiré, mais il l’a compris. Je mords dans

748 2996 1870 96 mon croissant à belles dents, les épiant du regard.

839 3108 1772 91 – C’est quoi encore cette histoire que je suis

746 3199 1177 98 con? demande Boule de neige.

830 3297 1784 108 L’autre hausse les épaules. Il a un signe de tête

751 3410 1860 81 Vers moi et, d’un mouvement de main, indique de

744 3510 1860 89 laisser tomber et, croissant en bouche, il démarre.

730 3681 147 86 226
