2977 4210
1422 1052 698 87 MAUX D’ENFANT

1254 1150 1055 84 SOUVENIRS D’EN FRANCE

2054 1433 595 101 K7 n° 1-face A

922 1630 1727 86 Il était une fois un garçon qui allait sur ses treize ans.

1006 1730 1385 91 Un gamin pas trop bien dans sa peau...

999 1821 1648 94 Ouais ! Ça, c’est ce que vous écrivez sur vos

924 1910 1718 101 fiches à la mords-moi-le-nœud. Topineau Phi¬

924 2011 1725 96 lippe, diagnostic psychiatrique: psychopathe

924 2102 1723 103 pervers polymorphie. Belle étiquette hein? Dan¬

929 2200 1715 96 gereux pour lui-même et les autres. Tiens donc!

926 2289 1723 87 Remèdes: Valium et Haldol à tout va. Vous avez

924 2390 1720 93 même envisagé de me mettre sous lithium, mes

926 2486 1716 96 salopes. Pour réguler mon comportement manico¬

926 2582 995 81 dépressif, comme vous dites.

1008 2673 728 93 Avec ça, allez rêver!

1001 2956 1643 84 Il était une fois... J’aurais bien voulu commen¬

912 3056 1732 92 cer par le commencement. Paraît que ça permet de

915 3152 1732 80 comprendre comment les choses s'enchaînent, on

910 3244 515 93 nous explique.

994 3337 1655 82 C’est peut-être vrai dans vos contes de fées. Il

905 3433 1742 89 était une fois, ils baratinent, les violoneux. Mais avant

901 3592 88 84 26
