2977 4210
891 442 1808 112 ”Tout est ma faute, lui avait-il dit pour conclure.

784 558 1921 89 Je n’aurais jamais dû parler à ce gamin de Baron

786 657 1914 89 Samdi. C’est des histoires de nos îles, des contes

788 762 1915 87 de dans le temps, c’est pas des choses à raconter à

791 865 1907 91 des enfants toc-toc. Je vous assure, mademoiselle,

795 965 1011 96 je suis vraiment contrarié.”

884 1061 1816 103 La psy l’avait regardé s’éloigner, clopinant en

793 1162 1907 91 se déhanchant plus fort que d’habitude, à cause de

795 1270 1905 86 l’émotion sans doute, puis elle avait été sonder la

795 1365 1898 101 grosse Yolaine. La débile s’est contentée de rouler

791 1471 1893 96 des veux ronds en bavant comme à l’accoutumée;

791 1592 1900 82 ne pouvant rien en tirer, la psy avait demandé que

788 1679 1901 98 sa malade subisse un examen gynécologique. Le

784 1777 1900 94 résultat avait confirmé les dires du vieil Antillais

786 1887 1900 98 et Luna n'avait plus qu’à aborder la question avec

786 1976 351 117 Philippe.

872 2088 1810 105 Elle revoit la grande salle, les fresques sur les

779 2200 1903 101 murs, les dessins punaisés partout, les petites

779 2301 1898 101 tables et la très grande devant laquelle elle se tenait.

777 2411 1900 91 Comme d’habitude, il y avait dessus toutes sortes

774 2516 1903 103 de matériaux. Des objets hétéroclites que les

774 2626 1896 103 enfants avaient récupérés un peu partout voisi¬

774 2736 1901 101 naient avec tout ce qu’il faut pour peindre, dessiner

774 2837 1898 98 ou modeler. Le soleil était revenu. Par les fenêtres

779 2954 1900 98 ouvertes, des cris lui parvenaient et elle pouvait

781 3059 1891 89 voir les arbres du parc où s’ébattent les enfants

777 3162 1895 98 fous. Seule avec Philippe, elle finissait un dessin

772 3276 1900 106 et feignait de ne pas s’occuper du garçon qui allait

772 3389 1526 100 et venait, en proie à une grande agitation.

867 3483 1790 120 — Qu’est-ce que tu en penses? lui demanda¬

769 3601 1264 106 t-elle en lui présentant son œuvre.

767 3789 91 95 68
