2977 4210
739 456 1877 91 accepte. Ça fait d’ailleurs du schproum dans la tribu.

737 558 1877 89 On n’a rien à foutre de ce bouseux, les Visages

739 659 1875 108 pâles n’ont qu’à régler leurs affaires entre eux, les

739 767 1875 89 Indiens ne doivent pas être leurs poubelles. Mais

737 872 1877 84 Géronimo tranche, tous ceux qui voudront être

734 972 1880 89 nos frères seront nos frères, et les autres finissent

737 1078 1879 103 par approuver. Après tout, ce pauvre Victor n’est

737 1176 1879 105 pas un Visage pâle comme les autres; il est déjà

737 1279 1877 89 un Indien sans le savoir. Après ça, ils décident de

737 1379 1874 106 l’appeler Renard enragé. Un Renard qui est devenu

739 1482 936 101 l’ami de Hérisson rouge.

819 1585 1795 91 Ensuite, les gendarmes ont traqué les Indiens de

734 1691 1875 98 Sologne. Quand ils les ont massacrés et emprison¬

730 1791 1884 101 nés, j’ai été récupéré par le giron familial et Victor

734 1896 1875 87 à été placé par la DDASS dans un centre d’éduca¬

732 2002 1877 91 tion surveillée mais on a réussi à correspondre.

734 2102 1880 98 Lorsque le Renard a réussi à s’échapper de la

732 2210 1886 84 maison de correction, il m’a retrouvé pour un raid

730 2308 1884 98 ultime que j’avais préparé avec Camille. Victor a

730 2406 1884 103 été étonné par l’audace de ma sœur. S’il était resté

732 2518 1879 94 avec nous, je crois bien que ce grand couillon en

732 2617 1877 91 serait tombé amoureux. Mais elle n’avait pas dix

732 2724 712 94 ans, cette gamine!

812 2820 1799 89 Cette histoire-là, Luna, je vais vous la raconter

730 2925 1884 101 plus tard; pour le moment, je ne ferai pas d’autre

725 3031 1882 91 commentaires. Après avoir mis le feu à la ferme,

727 3131 1887 87 on a décidé de se retrouver trois ans plus tard. Le

725 3230 1882 91 Renard, Camille et moi. Ce moment est venu. Au cas

725 3337 1886 96 où vous le pourriez penser, astre de la nuit, je ne

725 3456 1882 71 raconte pas tout ça pour m’inventer des excuses.

725 3543 1882 89 Je n’ai rien à foutre de votre morale minable. Si je

723 3716 126 91 194
