2977 4210
496 449 1870 95 q.issager. Le soldat, hors d’haleine, monte à l’arrière à

491 549 1872 101 olé de moi. C’est un jeune, un blondinet à la figure

496 659 1867 96 plate, une sorte de limande aux yeux bleus, sauf que

496 764 1865 85 l1 plupart des poissons n’ont pas de duvet au menton.

659 860 1704 98 — Vous êtes sympas, les mecs... (Il a une voix

493 968 1868 98 ll.1ut perchée qui zozote un peu.) J’vais qu’à trente

493 1068 1716 101 loInes et je me voyais déjà les faire à pinces...

580 1171 1781 99 J’observe le bidasse qui se case tant bien que

491 1293 1694 84 111al cn prenant son paquetage sur les genoux.

580 1379 548 85 Je chantonne:

634 1478 1713 103 – Trente kilomètres à pied, ça use, ça use...

507 1583 1110 101 l’es verni qu’on soit passés...

575 1684 1784 100 ll opine fortement. Puis, regardant autour de lui,

491 1789 1533 100 1l pousse un petit sifflement appréciateur.

636 1889 1720 103 — Sacrée bagnole! Dites donc, ça doit au moins

491 2002 374 88 1aper le...

575 2097 445 99 Je glousse:

603 2196 1758 100 – On l’a volée hier soir, mon pote... On avait

486 2301 1866 87 t10p envie de faire une balade au bord de la mer...

493 2409 1135 93 est bon pour les poumons...

571 2507 1783 96 Jc me penche à l’oreille du troufion et lui dis,

491 2612 1713 87 J.Sez fort pour que les deux autres entendent:

608 2708 1746 105 — Mate le Fromage blanc... Je désigne du doigt

489 2820 1865 94 Rémi: Il a un cancer du poumon, c’est peut-être

498 2916 655 98 4 dernière virée!

571 3019 1783 89 Le soldat roule des yeux effarés. Clotaire se

489 3131 1320 80 10urne vers lui avec un bon sourire.

594 3227 1755 96 — Faut pas écouter le môme, il dit des conne¬

484 3323 1868 101 11es. C’est sa spécialité. (Il lui tend la main.) Moi,

486 3424 1868 107 'est Boule de neige. Lui, c’est Fromage blanc. Et

491 3531 1393 108 . c’est Philippe, la peste ambulante.

2223 3721 133 79 235
