2977 4210
538 442 1811 102 Pour arriver à la porte principale de l’habita¬

447 544 1909 94 tion, il faut grimper un double escalier prétentieux

449 652 1905 98 genre faux marbre et traverser une terrasse vitrée

444 755 1903 89 encombrée de tout un boxon de plantes vertes.

447 858 1905 105 C’est sans doute pour ça que la taulière a appelé

444 954 1910 110 sa ménagerie Vert-Paradis. Moi je dirais plutôt

456 1061 1893 106 Vert-Enfer. Les plantes et les algues, je déteste.

439 1162 1906 105 Ces saloperies-là me flanquent la trouille, j’ai tou¬

444 1270 1896 114 jours peur quand elles me touchent ou m’agrip¬

442 1375 1905 110 pent. De toute façon, elles reviennent tout le temps

442 1485 1491 89 dans mes cauchemars pour m’étouffer.

531 1581 1816 107 Derrière la taule, il y a un bac à sable, un por¬

437 1693 1910 105 tique, des toboggans, ce genre de choses pour

437 1793 1912 106 demeurés. Moi, je vais plus loin, derrière la cabane

439 1896 1908 99 où Zéphyrin range ses outils de jardin. J'ai fait un

439 2004 1908 108 trou dans le grillage. Zéphyrin le sait mais il ne

435 2112 1907 102 dit rien. Ce n’est qu’un nègre aux cheveux blancs

437 2219 1910 98 un rien bossu, sec comme une trique. Il parle tout

442 2324 1896 92 seul et il a peur de moi. Pour lui, je suis un mal¬

437 2427 1898 106 faisant, le pire des enfants marteaux. Un jour

439 2535 1899 105 qu’il remisait ses bidules, histoire de rigoler, je lui

439 2640 1896 96 ai montré où j’allais. “Je vais te montrer le vrai

442 2745 1896 113 paradis, j’ai dit, mais gaffe à ta gueule, hein!” Il a

444 2858 1889 91 bondi en arrière comme si j’allais lui cogner la

444 2958 1882 110 gueule. “N’aie pas peur”, j’ai fait et il a dit oui.

470 3068 1851 108 "N’aie pas peur, j’ai répété, tu te tiens à carreau,

437 3171 1875 108 c’est tout. Tu as rien à craindre tant que t’es régu¬

437 3281 1882 108 lier.” Bien qu’il ait une tête de plus que moi,

435 3384 1882 114 Zéphyrin sait que je suis balèze, bien plus costaud

437 3494 1875 110 que lui, et vicieux aussi. Je pourrais lui balancer

437 3606 1880 108 n’importe quoi, il croit que je suis un Iwa, un esprit

2225 3789 87 93 51
