2977 4210
889 1031 1037 98 ALALUMIÈRE D’HIVER

458 1354 1896 89 1na à froid. Le courant d’air, sans doute se dit-elle

456 1461 1891 85 Car, depuis que Clotaire est sorti, le battant n’a pas

454 1571 1893 75 cessé de cogner contre son chambranle. Elle repose

463 1669 1879 96 On stylo sur le papier, arrête son minimagnéto¬

454 1765 1884 103 lphone et se dirige vers la porte. Avant de la refer¬

454 1873 1886 86 1ier, elle jette machinalement un coup d’œil sur le

451 1974 1887 109 l'alier et découvre son visiteur, la tête dans les

451 2079 1622 96 mmains, assis sur le paillasson de son voisin.

603 2177 829 101 — Que faites-vous là ?

540 2289 1028 96 Il ne relève pas son visage.

549 2380 1791 106 — J'attends l’heure du premier métro. Et il

447 2490 1888 96 ajoute en manière d’excuse: Il fait encore froid,

449 2600 346 85 le matin.

528 2694 1812 103 Il parle d’une drôle de voix étranglée. Pour un

444 2801 1889 106 peu, Luna jurerait qu’il vient de pleurer. Elle se

444 2907 368 89 détourne.

582 3005 1746 105 — Ne faites pas l’enfant, fait-elle sans aménité.

444 3113 609 88 Allez, rentrez...

519 3218 1812 91 Elle revient lentement dans son appartement,

439 3325 1522 85 ajoutant avec une gentillesse inattendue.

603 3424 1725 103 —Surtout ne vous croyez pas obligé de me

437 3531 796 91 saire la conversation.

2195 3709 136 84 247
