<?xml version="1.0" encoding="UTF-8"?>
<alto xmlns:xsi="http://www.w3.org/2001/XMLSchema-instance"
      xmlns="http://www.loc.gov/standards/alto/ns-v4#"
      xsi:schemaLocation="http://www.loc.gov/standards/alto/ns-v4# http://www.loc.gov/standards/alto/v4/alto-4-2.xsd">
  <Description>
    <MeasurementUnit>pixel</MeasurementUnit>
    <sourceImageInformation>
      <fileName>page_00040.png</fileName>
      
    </sourceImageInformation>
  </Description>
  
  <Tags>
    <OtherTag ID="BT10605" LABEL="MainZone" DESCRIPTION="block type MainZone"/><OtherTag ID="BT10606" LABEL="NumberingZone" DESCRIPTION="block type NumberingZone"/><OtherTag ID="BT10607" LABEL="RunningTitleZone" DESCRIPTION="block type RunningTitleZone"/><OtherTag ID="BT10608" LABEL="QuireMarksZone" DESCRIPTION="block type QuireMarksZone"/><OtherTag ID="BT10609" LABEL="CustomZone" DESCRIPTION="block type CustomZone"/>
    <OtherTag ID="LT4159" LABEL="DefaultLine" DESCRIPTION="line type DefaultLine"/><OtherTag ID="LT4160" LABEL="HeadingLine" DESCRIPTION="line type HeadingLine"/><OtherTag ID="LT4161" LABEL="default" DESCRIPTION="line type default"/>
  </Tags>
  
  <Layout>
    <Page WIDTH="2977"
          HEIGHT="4210"
          PHYSICAL_IMG_NR="37"
          ID="eSc_dummypage_">
      <PrintSpace HPOS="0"
                  VPOS="0"
                  WIDTH="2977"
                  HEIGHT="4210">
        
        <TextBlock HPOS="570.3287963867188"
                   VPOS="882.2985229492188"
                   WIDTH="2026.1062622070312"
                   HEIGHT="2873.6655883789062"
                   ID="block_0"
                   TAGREFS="BT10605">
          <Shape><Polygon POINTS="570.329 882.299 2596.44 882.299 2596.44 3755.96 570.329 3755.96 570.329 882.299"/></Shape>
          
          
          <TextLine ID="eSc_line_a183bc8c"
                    TAGREFS="LT4160"
                    BASELINE="1186 998 1956 994" 
                    HPOS="1184"
                    VPOS="919"
                    WIDTH="772"
                    HEIGHT="96">
            <Shape><Polygon POINTS="1186 998 1186 1015 1954 1010 1956 994 1949 919 1184 926 1184 928"/></Shape>
	    <String CONTENT="MAUX D&#x27;ENFANT"
                    HPOS="1184"
                    VPOS="919"
                    WIDTH="772"
                    HEIGHT="96"></String>
          </TextLine>

          
          
          <TextLine ID="eSc_line_149946fa"
                    TAGREFS="LT4160"
                    BASELINE="997 1103 2164 1103" 
                    HPOS="997"
                    VPOS="1031"
                    WIDTH="1167"
                    HEIGHT="91">
            <Shape><Polygon POINTS="1006 1031 999 1052 997 1103 997 1122 2164 1122 2164 1103 2157 1054 2148 1031"/></Shape>
	    <String CONTENT="SOUVENIRS D’EN FRANCE"
                    HPOS="997"
                    VPOS="1031"
                    WIDTH="1167"
                    HEIGHT="91"
                    WC="0.9903069280442738"></String>
          </TextLine>

          
          
          <TextLine ID="eSc_line_9f6fe593"
                    TAGREFS="LT4160"
                    BASELINE="1888 1424 2548 1424" 
                    HPOS="1888"
                    VPOS="1342"
                    WIDTH="660"
                    HEIGHT="110">
            <Shape><Polygon POINTS="2485 1342 2483 1342 2480 1342 2478 1342 2478 1344 2457 1363 2452 1370 2377 1370 2368 1365 2319 1342 2317 1342 2314 1342 2312 1342 2309 1342 2309 1344 2286 1368 2281 1372 2228 1372 2223 1368 2183 1342 2181 1342 2178 1342 2176 1342 2174 1342 2171 1342 2171 1344 2143 1370 2141 1372 2094 1372 2087 1370 2052 1365 2031 1344 2031 1342 2029 1342 2026 1342 1919 1342 1916 1342 1914 1342 1912 1342 1912 1344 1902 1351 1888 1384 1888 1424 1888 1438 1898 1447 1898 1450 1900 1450 1902 1450 1905 1452 1987 1452 1987 1450 1989 1450 1991 1450 2008 1436 2080 1450 2082 1450 2085 1450 2136 1436 2155 1450 2155 1452 2157 1452 2160 1452 2162 1452 2164 1452 2202 1436 2246 1436 2263 1450 2263 1452 2265 1452 2267 1452 2270 1452 2434 1450 2436 1450 2438 1450 2455 1436 2501 1450 2504 1450 2506 1450 2508 1450 2548 1433 2548 1424 2548 1358 2544 1354 2520 1342"/></Shape>
	    <String CONTENT="K7 n° 1-face B"
                    HPOS="1888"
                    VPOS="1342"
                    WIDTH="660"
                    HEIGHT="110"></String>
          </TextLine>

          
          
          <TextLine ID="eSc_line_aba14dad"
                    TAGREFS="LT4159"
                    BASELINE="608 1597 2551 1602" 
                    HPOS="606"
                    VPOS="1522"
                    WIDTH="1945"
                    HEIGHT="105">
            <Shape><Polygon POINTS="608 1597 606 1609 692 1625 695 1625 697 1625 741 1613 894 1625 896 1625 966 1613 1011 1625 1013 1625 1015 1625 1074 1613 1364 1625 1366 1625 1369 1625 1411 1613 1483 1625 1486 1625 1884 1616 2045 1627 2047 1627 2115 1616 2548 1616 2551 1602 2551 1546 2504 1524 2501 1524 2499 1524 2497 1524 2436 1543 2389 1524 2387 1524 2384 1524 2382 1524 2321 1543 2319 1546 2237 1546 2232 1543 2192 1524 2190 1524 2188 1524 2185 1524 2125 1541 2118 1543 2113 1541 2075 1524 2073 1524 2071 1524 1935 1541 1895 1546 1701 1546 1680 1538 1654 1529 1652 1529 1649 1529 1495 1536 1376 1541 1366 1534 1350 1522 1348 1522 1345 1522 1343 1522 1341 1522 1303 1534 1287 1538 1268 1534 1224 1522 1221 1522 1219 1522 1163 1534 1121 1541 1095 1531 1064 1522 1062 1522 1011 1522 1008 1522 1006 1522 1004 1522 992 1531 978 1541 901 1541 887 1531 877 1522 875 1522 872 1522 870 1522 828 1529 772 1541 608 1529 608 1597"/></Shape>
	    <String CONTENT="La mère Bonpied, experte en médecine de la"
                    HPOS="606"
                    VPOS="1522"
                    WIDTH="1945"
                    HEIGHT="105"
                    WC="0.994447569955479"></String>
          </TextLine>

          
          
          <TextLine ID="eSc_line_1b4cfccd"
                    TAGREFS="LT4159"
                    BASELINE="608 1705 2546 1705" 
                    HPOS="608"
                    VPOS="1632"
                    WIDTH="1938"
                    HEIGHT="98">
            <Shape><Polygon POINTS="608 1705 608 1721 2541 1730 2546 1705 2544 1651 2419 1648 2389 1632 2387 1632 2384 1632 2277 1648 2218 1632 2216 1632 2214 1632 2111 1651 1621 1651 1544 1632 1542 1632 1539 1632 1486 1651 1319 1651 1266 1632 1263 1632 1060 1632 1057 1632 1055 1632 1053 1632 1029 1651 933 1651 835 1632 833 1632 830 1632 798 1648 702 1632 699 1632 608 1648 608 1705"/></Shape>
	    <String CONTENT="caboche, a établi son petit commerce en banlieue,"
                    HPOS="608"
                    VPOS="1632"
                    WIDTH="1938"
                    HEIGHT="98"
                    WC="0.9811813902854919"></String>
          </TextLine>

          
          
          <TextLine ID="eSc_line_0a7c27c2"
                    TAGREFS="LT4159"
                    BASELINE="608 1803 2548 1807" 
                    HPOS="606"
                    VPOS="1730"
                    WIDTH="1942"
                    HEIGHT="103">
            <Shape><Polygon POINTS="608 1803 606 1819 631 1833 634 1833 636 1833 2546 1824 2548 1807 2548 1751 2478 1733 2476 1733 2473 1733 2471 1733 2410 1749 2359 1733 2356 1733 2354 1733 2352 1733 2288 1749 2288 1751 2122 1751 2118 1749 2024 1733 2022 1733 2019 1733 2017 1733 1991 1749 1989 1751 1860 1751 1855 1749 1825 1733 1823 1733 1820 1733 1818 1733 1771 1747 1752 1733 1750 1733 1748 1733 1647 1733 1645 1733 1642 1733 1596 1749 1591 1749 1584 1749 1504 1730 1502 1730 1500 1730 1437 1747 1392 1735 1390 1735 1387 1735 1322 1747 1289 1730 1287 1730 1284 1730 1282 1730 1231 1747 1174 1730 1172 1730 1170 1730 1097 1747 1092 1747 1062 1747 1020 1747 999 1730 997 1730 994 1730 945 1730 943 1730 940 1730 938 1730 917 1747 915 1749 706 1749 702 1747 674 1730 671 1730 669 1730 667 1730 608 1744 608 1803"/></Shape>
	    <String CONTENT="dans un îlot résidentiel truffé de jardins en friche"
                    HPOS="606"
                    VPOS="1730"
                    WIDTH="1942"
                    HEIGHT="103"></String>
          </TextLine>

          
          
          <TextLine ID="eSc_line_7ebc0f9f"
                    TAGREFS="LT4159"
                    BASELINE="606 1913 2546 1908" 
                    HPOS="603"
                    VPOS="1836"
                    WIDTH="1943"
                    HEIGHT="93">
            <Shape><Polygon POINTS="606 1913 606 1929 2544 1927 2546 1908 2544 1854 2501 1836 2499 1836 2497 1836 2494 1836 2455 1850 2412 1836 2410 1836 2408 1836 2405 1836 2373 1854 2141 1854 2120 1840 2118 1840 2115 1840 2113 1840 2015 1852 1991 1836 1989 1836 1987 1836 1984 1836 1914 1850 1865 1836 1862 1836 1860 1836 1858 1836 1855 1836 1832 1854 1633 1854 1577 1836 1575 1836 1572 1836 1570 1836 1568 1836 1539 1857 1483 1857 1448 1838 1446 1838 1444 1838 1193 1854 1132 1838 1130 1838 1128 1838 870 1852 819 1838 816 1838 814 1838 704 1854 681 1838 678 1838 676 1838 674 1838 671 1838 603 1857 606 1913"/></Shape>
	    <String CONTENT="et entouré d’immeubles de grande hauteur cachés"
                    HPOS="603"
                    VPOS="1836"
                    WIDTH="1943"
                    HEIGHT="93"
                    WC="0.9965049417651429"></String>
          </TextLine>

          
          
          <TextLine ID="eSc_line_2d3a87d9"
                    TAGREFS="LT4159"
                    BASELINE="608 2020 2546 2016" 
                    HPOS="606"
                    VPOS="1941"
                    WIDTH="1940"
                    HEIGHT="110">
            <Shape><Polygon POINTS="608 2020 608 2051 741 2034 1418 2044 1551 2044 1554 2044 1556 2044 1563 2041 1584 2032 1731 2039 1860 2046 1862 2046 1865 2046 1898 2037 1921 2032 1979 2037 2061 2044 2064 2044 2171 2034 2211 2032 2216 2034 2230 2044 2232 2044 2235 2044 2466 2046 2469 2046 2544 2030 2546 2016 2541 1959 2260 1941 2258 1941 2256 1941 2253 1941 2225 1959 1869 1959 1797 1941 1645 1941 1642 1941 1640 1941 1638 1941 1619 1955 1551 1945 1549 1945 1547 1945 1507 1959 1432 1943 1429 1943 1427 1943 1371 1959 1193 1943 1191 1943 1188 1943 1186 1943 1163 1962 1104 1962 973 1943 971 1943 968 1943 966 1943 943 1959 840 1959 762 1943 760 1943 606 1962 608 2020"/></Shape>
	    <String CONTENT="par les arbres. L’endroit idéal pour une clinique"
                    HPOS="606"
                    VPOS="1941"
                    WIDTH="1940"
                    HEIGHT="110"
                    WC="0.9898185980319977"></String>
          </TextLine>

          
          
          <TextLine ID="eSc_line_29e6852e"
                    TAGREFS="LT4159"
                    BASELINE="613 2121 1074 2121" 
                    HPOS="613"
                    VPOS="2048"
                    WIDTH="461"
                    HEIGHT="92">
            <Shape><Polygon POINTS="613 2121 613 2140 1074 2140 1074 2121 1071 2053 809 2062 802 2058 781 2048 779 2048 777 2048 774 2048 734 2060 732 2060 685 2048 683 2048 681 2048 678 2048 676 2048 676 2051 662 2062 662 2065 613 2065 613 2121"/></Shape>
	    <String CONTENT="vétérinaire!"
                    HPOS="613"
                    VPOS="2048"
                    WIDTH="461"
                    HEIGHT="92"
                    WC="0.9947899580001831"></String>
          </TextLine>

          
          
          <TextLine ID="eSc_line_d2f1070c"
                    TAGREFS="LT4159"
                    BASELINE="692 2226 2548 2226" 
                    HPOS="692"
                    VPOS="2151"
                    WIDTH="1856"
                    HEIGHT="106">
            <Shape><Polygon POINTS="692 2226 692 2245 1226 2245 1327 2257 1329 2257 2546 2242 2548 2226 2548 2170 2487 2154 2485 2154 2483 2154 2480 2154 2434 2168 2434 2170 2167 2170 2164 2168 2143 2154 2141 2154 2139 2154 2136 2154 2134 2154 2132 2154 2115 2168 2097 2168 1951 2168 1944 2165 1919 2151 1916 2151 1914 2151 1853 2165 1844 2168 1834 2165 1797 2151 1795 2151 1792 2151 1790 2151 1741 2165 1731 2168 1720 2165 1678 2151 1675 2151 1673 2151 1671 2151 1628 2165 1614 2168 1582 2163 1493 2154 1490 2154 1488 2154 1458 2163 1441 2170 1111 2170 1097 2161 1074 2151 1071 2151 1069 2151 1015 2161 992 2165 978 2161 950 2151 947 2151 945 2151 898 2161 865 2168 842 2161 816 2151 814 2151 812 2151 692 2158 692 2226"/></Shape>
	    <String CONTENT="L’institution comporte principalement une vaste"
                    HPOS="692"
                    VPOS="2151"
                    WIDTH="1856"
                    HEIGHT="106"
                    WC="0.9907899181893531"></String>
          </TextLine>

          
          
          <TextLine ID="eSc_line_b4ce256b"
                    TAGREFS="LT4159"
                    BASELINE="608 2327 2551 2331" 
                    HPOS="606"
                    VPOS="2257"
                    WIDTH="1945"
                    HEIGHT="105">
            <Shape><Polygon POINTS="608 2327 606 2343 636 2357 638 2357 641 2357 1240 2348 1645 2362 1647 2362 1778 2350 2164 2350 2214 2362 2216 2362 2218 2362 2548 2348 2551 2331 2551 2275 2534 2261 2534 2259 2532 2259 2529 2259 2527 2259 2422 2273 2036 2259 2033 2259 2031 2259 1970 2273 1865 2259 1862 2259 1860 2259 1813 2273 1757 2259 1755 2259 1752 2259 1750 2259 1748 2259 1731 2273 1596 2273 1563 2257 1561 2257 1558 2257 1481 2271 1284 2257 1282 2257 1280 2257 1240 2273 765 2273 659 2257 657 2257 655 2257 608 2271 608 2327"/></Shape>
	    <String CONTENT="villa en pierre meulière, flanquée d’un baraquement"
                    HPOS="606"
                    VPOS="2257"
                    WIDTH="1945"
                    HEIGHT="105"
                    WC="0.9898958498576902"></String>
          </TextLine>

          
          
          <TextLine ID="eSc_line_61e6c849"
                    TAGREFS="LT4159"
                    BASELINE="603 2441 2546 2434" 
                    HPOS="601"
                    VPOS="2359"
                    WIDTH="1945"
                    HEIGHT="110">
            <Shape><Polygon POINTS="603 2441 603 2469 695 2455 945 2467 980 2467 982 2467 1029 2465 1266 2453 1603 2458 1841 2462 1844 2462 1877 2455 1900 2451 2066 2453 2522 2462 2525 2462 2527 2462 2529 2462 2546 2448 2546 2434 2541 2380 2431 2359 2429 2359 2427 2359 2424 2359 2398 2378 2260 2378 2239 2364 2237 2364 2235 2364 2232 2364 2230 2364 2183 2380 1998 2380 1930 2359 1928 2359 1926 2359 1923 2359 1921 2359 1893 2380 1806 2364 1804 2364 1802 2364 1734 2380 1577 2380 1511 2362 1509 2362 1507 2362 1504 2362 1502 2362 1479 2380 1224 2383 1165 2364 1163 2364 1114 2364 1111 2364 1109 2364 1107 2364 1085 2380 1032 2364 1029 2364 1027 2364 917 2380 842 2364 706 2364 704 2364 601 2385 603 2441"/></Shape>
	    <String CONTENT="préfabriqué. Les encadrements des portes, des"
                    HPOS="601"
                    VPOS="2359"
                    WIDTH="1945"
                    HEIGHT="110"
                    WC="0.9842068223243065"></String>
          </TextLine>

          
          
          <TextLine ID="eSc_line_0f289b0f"
                    TAGREFS="LT4159"
                    BASELINE="601 2540 2541 2544" 
                    HPOS="599"
                    VPOS="2469"
                    WIDTH="1942"
                    HEIGHT="101">
            <Shape><Polygon POINTS="601 2540 599 2556 872 2570 875 2570 2539 2561 2541 2544 2539 2486 2005 2472 2003 2472 1902 2483 1893 2483 1891 2483 1869 2472 1867 2472 1865 2472 1624 2483 1582 2483 1558 2481 1427 2469 1425 2469 1369 2481 1366 2481 1282 2469 1280 2469 1217 2481 1212 2483 1050 2483 1048 2481 1034 2469 1032 2469 1029 2469 1027 2469 957 2481 947 2481 929 2481 765 2469 762 2469 601 2479 601 2540"/></Shape>
	    <String CONTENT="fenêtres et les angles des murs sont en briques roses."
                    HPOS="599"
                    VPOS="2469"
                    WIDTH="1942"
                    HEIGHT="101"
                    WC="0.991161234812303"></String>
          </TextLine>

          
          
          <TextLine ID="eSc_line_df0cceff"
                    TAGREFS="LT4159"
                    BASELINE="599 2649 2551 2649" 
                    HPOS="599"
                    VPOS="2577"
                    WIDTH="1952"
                    HEIGHT="91">
            <Shape><Polygon POINTS="599 2649 599 2668 2551 2668 2551 2649 2551 2591 2504 2577 2501 2577 2401 2577 2398 2577 2396 2577 2394 2577 2375 2591 2373 2591 2359 2591 2120 2577 2118 2577 2115 2577 2113 2577 2099 2589 2097 2591 1905 2591 1853 2586 1752 2577 1750 2577 1748 2577 1724 2586 1708 2591 1633 2584 1542 2577 1539 2577 1504 2584 1467 2593 1167 2593 1132 2582 1121 2577 1118 2577 1116 2577 1114 2577 1111 2577 1109 2579 1090 2593 704 2593 599 2577 599 2649"/></Shape>
	    <String CONTENT="La maison se trouve au milieu d’un grand parc. À la"
                    HPOS="599"
                    VPOS="2577"
                    WIDTH="1952"
                    HEIGHT="91"></String>
          </TextLine>

          
          
          <TextLine ID="eSc_line_77fd326e"
                    TAGREFS="LT4159"
                    BASELINE="601 2759 2548 2752" 
                    HPOS="599"
                    VPOS="2678"
                    WIDTH="1949"
                    HEIGHT="109">
            <Shape><Polygon POINTS="601 2785 1479 2776 1516 2778 1626 2787 1628 2787 1769 2776 1778 2776 1788 2776 1895 2787 1898 2787 2192 2773 2522 2783 2525 2783 2527 2783 2529 2783 2548 2771 2548 2752 2546 2694 2527 2682 2525 2682 2522 2682 2520 2682 2448 2694 2427 2678 2424 2678 2422 2678 2288 2678 2286 2678 2284 2678 2281 2678 2258 2694 2064 2694 2045 2680 2043 2680 2040 2680 2038 2680 2036 2680 2033 2680 2017 2694 1954 2678 1951 2678 1949 2678 1947 2678 1893 2696 1837 2680 1834 2680 1832 2680 1830 2680 1776 2696 1645 2680 1642 2680 1640 2680 1638 2680 1614 2699 1247 2699 1149 2682 1146 2682 987 2699 854 2682 851 2682 849 2682 812 2699 779 2682 777 2682 685 2682 683 2682 599 2701 601 2759"/></Shape>
	    <String CONTENT="grille, il y a plusieurs rangées de platanes. Il faut"
                    HPOS="599"
                    VPOS="2678"
                    WIDTH="1949"
                    HEIGHT="109"
                    WC="0.9887980664217914"></String>
          </TextLine>

          
          
          <TextLine ID="eSc_line_18d9778e"
                    TAGREFS="LT4159"
                    BASELINE="599 2862 2546 2858" 
                    HPOS="596"
                    VPOS="2787"
                    WIDTH="1950"
                    HEIGHT="101">
            <Shape><Polygon POINTS="599 2862 599 2879 2515 2888 2518 2888 2520 2888 2546 2874 2546 2858 2541 2806 2417 2804 2398 2787 2396 2787 2394 2787 2335 2787 2333 2787 2331 2787 2328 2787 2305 2804 2164 2804 2146 2790 2143 2790 2141 2790 2139 2790 2003 2804 1951 2787 1949 2787 1947 2787 1944 2787 1888 2804 1675 2804 1624 2790 1621 2790 1619 2790 1617 2790 1561 2809 1437 2809 1385 2790 1383 2790 1380 2790 1378 2790 1343 2806 1238 2790 1235 2790 1233 2790 1191 2806 1130 2790 1128 2790 1125 2790 1123 2790 1085 2806 1060 2790 1057 2790 1055 2790 849 2790 847 2790 596 2809 599 2862"/></Shape>
	    <String CONTENT="suivre l’allée de droite qui tournicote autour d’une"
                    HPOS="596"
                    VPOS="2787"
                    WIDTH="1950"
                    HEIGHT="101"
                    WC="0.981779010790699"></String>
          </TextLine>

          
          
          <TextLine ID="eSc_line_75f99bb5"
                    TAGREFS="LT4159"
                    BASELINE="599 2975 2544 2968" 
                    HPOS="596"
                    VPOS="2893"
                    WIDTH="1948"
                    HEIGHT="112">
            <Shape><Polygon POINTS="599 2975 599 3005 692 2986 1399 2986 1437 2998 1446 3000 1448 3000 1451 3000 1453 3000 1460 2998 1488 2986 1678 2996 1781 3000 1783 3000 1886 2993 2029 2984 2099 2991 2155 2998 2157 2998 2160 2998 2183 2991 2199 2986 2225 2991 2267 2998 2270 3000 2270 2998 2317 2989 2349 2984 2356 2989 2366 2996 2368 2996 2370 2996 2373 2996 2541 2986 2544 2968 2539 2914 2319 2914 2209 2893 2207 2893 2204 2893 2155 2911 2118 2893 2115 2893 2057 2893 2054 2893 2052 2893 2050 2893 2026 2911 1975 2895 1972 2895 1970 2895 1968 2895 1965 2895 1947 2909 1916 2897 1914 2897 1912 2897 1909 2897 1858 2916 1451 2916 1273 2895 1270 2895 1268 2895 1195 2916 1116 2897 1114 2897 1111 2897 1053 2916 894 2902 891 2902 821 2916 805 2902 802 2902 800 2902 706 2897 704 2897 596 2918 599 2975"/></Shape>
	    <String CONTENT="petite mare. Au milieu, sur une petite île, il y a un"
                    HPOS="596"
                    VPOS="2893"
                    WIDTH="1948"
                    HEIGHT="112"></String>
          </TextLine>

          
          
          <TextLine ID="eSc_line_0f756219"
                    TAGREFS="LT4159"
                    BASELINE="596 3073 2544 3077" 
                    HPOS="594"
                    VPOS="3005"
                    WIDTH="1950"
                    HEIGHT="103">
            <Shape><Polygon POINTS="596 3073 594 3087 727 3106 730 3106 868 3092 1057 3103 1060 3103 1062 3103 1064 3103 1083 3092 1504 3092 1631 3108 1633 3108 1745 3096 1898 3108 1900 3108 1902 3108 1905 3108 1923 3094 2307 3108 2309 3108 2541 3092 2544 3077 2541 3021 1839 3021 1837 3019 1813 3007 1811 3007 1809 3007 1642 3019 1614 3019 1607 3019 1570 3005 1568 3005 1565 3005 1483 3017 1481 3019 1219 3019 1219 3017 1191 3005 1188 3005 1186 3005 596 3014 596 3073"/></Shape>
	    <String CONTENT="temple rond biscornu. On peut y arriver par un"
                    HPOS="594"
                    VPOS="3005"
                    WIDTH="1950"
                    HEIGHT="103"
                    WC="0.9856654574041781"></String>
          </TextLine>

          
          
          <TextLine ID="eSc_line_973f36e5"
                    TAGREFS="LT4159"
                    BASELINE="599 3187 2541 3183" 
                    HPOS="596"
                    VPOS="3108"
                    WIDTH="1945"
                    HEIGHT="107">
            <Shape><Polygon POINTS="599 3187 599 3215 664 3201 1603 3201 2537 3211 2541 3183 2539 3124 2515 3108 2513 3108 2511 3108 2508 3108 2429 3127 2270 3127 2216 3108 2214 3108 2211 3108 2209 3108 2176 3127 2045 3127 2022 3110 2019 3110 2017 3110 2015 3110 1947 3127 1614 3127 1593 3110 1591 3110 1589 3110 1586 3110 1584 3110 1582 3110 1561 3127 1521 3110 1518 3110 1516 3110 1514 3110 1448 3127 1352 3110 1350 3110 1275 3124 1219 3110 1217 3110 1214 3110 1212 3110 1156 3127 1055 3110 1053 3110 1050 3110 1048 3110 1032 3124 891 3127 858 3110 856 3110 854 3110 788 3124 765 3110 762 3110 760 3110 758 3110 596 3129 599 3187"/></Shape>
	    <String CONTENT="pont de rondins bidon fait en ciment tarabiscoté,"
                    HPOS="596"
                    VPOS="3108"
                    WIDTH="1945"
                    HEIGHT="107"
                    WC="0.9674155068397522"></String>
          </TextLine>

          
          
          <TextLine ID="eSc_line_29539c8c"
                    TAGREFS="LT4159"
                    BASELINE="594 3288 2544 3293" 
                    HPOS="592"
                    VPOS="3215"
                    WIDTH="1952"
                    HEIGHT="103">
            <Shape><Polygon POINTS="594 3288 592 3307 606 3316 608 3316 610 3316 613 3316 1518 3307 1568 3318 1570 3318 1572 3318 2541 3307 2544 3293 2541 3239 2445 3218 2443 3218 2265 3237 2263 3237 2232 3218 2230 3218 2228 3218 2104 3218 2101 3218 2099 3218 2097 3218 2071 3237 2068 3239 1839 3239 1837 3237 1790 3218 1788 3218 1785 3218 1783 3218 1731 3237 1729 3237 1727 3237 1689 3218 1687 3218 1685 3218 1446 3234 1415 3215 1413 3215 1411 3215 1408 3215 1324 3234 1275 3215 1273 3215 1270 3215 1160 3232 1109 3218 1107 3218 1104 3218 1011 3234 1006 3234 985 3218 982 3218 980 3218 978 3218 975 3218 931 3234 929 3234 594 3234 594 3288"/></Shape>
	    <String CONTENT="mais c’est interdit: la vieille bique a fait mettre"
                    HPOS="592"
                    VPOS="3215"
                    WIDTH="1952"
                    HEIGHT="103"
                    WC="0.9810077045478073"></String>
          </TextLine>

          
          
          <TextLine ID="eSc_line_5a93c133"
                    TAGREFS="LT4159"
                    BASELINE="596 3400 2544 3400" 
                    HPOS="596"
                    VPOS="3325"
                    WIDTH="1948"
                    HEIGHT="106">
            <Shape><Polygon POINTS="596 3400 596 3417 1404 3417 1504 3431 1507 3431 1717 3417 2167 3431 2169 3431 2375 3419 2466 3431 2469 3431 2544 3414 2544 3400 2544 3342 2155 3342 2111 3328 2108 3328 2106 3328 2036 3339 1968 3325 1965 3325 1963 3325 1961 3325 1940 3342 1827 3342 1743 3325 1741 3325 1738 3325 1736 3325 1720 3339 1678 3328 1675 3328 1673 3328 1497 3339 1429 3325 1427 3325 1425 3325 1380 3339 1357 3325 1355 3325 1352 3325 1263 3325 1261 3325 1259 3325 1202 3339 1174 3325 1172 3325 1170 3325 968 3337 894 3325 891 3325 889 3325 837 3339 748 3325 746 3325 596 3339 596 3400"/></Shape>
	    <String CONTENT="une barrière à l’entrée du pont. Sans doute pour que"
                    HPOS="596"
                    VPOS="3325"
                    WIDTH="1948"
                    HEIGHT="106"
                    WC="0.9911661982536316"></String>
          </TextLine>

          
          
          <TextLine ID="eSc_line_2088dc99"
                    TAGREFS="LT4159"
                    BASELINE="596 3508 2539 3508" 
                    HPOS="596"
                    VPOS="3433"
                    WIDTH="1943"
                    HEIGHT="105">
            <Shape><Polygon POINTS="596 3508 596 3527 1315 3527 1432 3538 1434 3538 1607 3527 2441 3538 2443 3538 2539 3524 2539 3508 2539 3452 2387 3452 2384 3449 2363 3433 2361 3433 2359 3433 2356 3433 2354 3433 2295 3449 2288 3452 2167 3452 2162 3447 2143 3433 2141 3433 2139 3433 2136 3433 2134 3433 2078 3447 2066 3452 1954 3452 1944 3447 1919 3433 1916 3433 1914 3433 1912 3433 1862 3445 1846 3452 1757 3452 1748 3445 1722 3433 1720 3433 1657 3433 1654 3433 1652 3433 1649 3433 1635 3445 1628 3449 1593 3445 1530 3433 1528 3433 1481 3442 1448 3449 1088 3449 1055 3440 1022 3433 1020 3433 1018 3433 1015 3433 1008 3440 992 3452 915 3452 847 3438 809 3433 807 3433 765 3438 674 3449 650 3438 643 3433 641 3433 638 3433 596 3435 596 3508"/></Shape>
	    <String CONTENT="les mômes fous ou simples d’esprit ne fassent pas"
                    HPOS="596"
                    VPOS="3433"
                    WIDTH="1943"
                    HEIGHT="105"
                    WC="0.9881514573097229"></String>
          </TextLine>

          
          
          <TextLine ID="eSc_line_9df919c9"
                    TAGREFS="LT4159"
                    BASELINE="596 3618 2541 3613" 
                    HPOS="594"
                    VPOS="3538"
                    WIDTH="1947"
                    HEIGHT="127">
            <Shape><Polygon POINTS="596 3618 596 3665 727 3662 730 3662 732 3662 765 3639 973 3641 975 3641 978 3641 980 3641 997 3629 1114 3641 1135 3658 1142 3662 1144 3662 1146 3662 1149 3662 1151 3662 1163 3658 1200 3639 1301 3641 1303 3641 1305 3641 1308 3641 1324 3629 1338 3641 1341 3641 1343 3641 1345 3643 1465 3643 1465 3641 1467 3641 1469 3641 1483 3629 1514 3651 1528 3662 1530 3662 1532 3662 1535 3662 1537 3662 1563 3651 1614 3627 1649 3641 1652 3641 1654 3641 1769 3636 1785 3648 1802 3660 1804 3660 1806 3660 1809 3660 1811 3660 1851 3646 1893 3632 2015 3641 2017 3641 2019 3641 2057 3629 2115 3641 2127 3643 2129 3643 2155 3641 2258 3629 2274 3639 2279 3643 2281 3643 2284 3643 2286 3646 2347 3646 2347 3643 2349 3643 2352 3643 2359 3639 2375 3627 2391 3636 2398 3643 2401 3643 2403 3643 2405 3643 2539 3634 2541 3613 2537 3557 2361 3557 2326 3538 2324 3538 2321 3538 2319 3538 2267 3557 2073 3557 2015 3538 2012 3538 2010 3538 2008 3538 2005 3538 1982 3557 1778 3557 1743 3538 1741 3538 1678 3538 1675 3538 1673 3538 1671 3538 1642 3557 1514 3557 1408 3541 1355 3541 1352 3541 1350 3541 1348 3541 1327 3557 1298 3543 1296 3543 1294 3543 1121 3557 1018 3541 1015 3541 1013 3541 966 3557 624 3541 622 3541 620 3541 617 3541 594 3555 596 3618"/></Shape>
	    <String CONTENT="de bêtises. On peut dire qu’elle prend soin de son"
                    HPOS="594"
                    VPOS="3538"
                    WIDTH="1947"
                    HEIGHT="127"
                    WC="0.9867855555870954"></String>
          </TextLine>

          
          
          <TextLine ID="eSc_line_368caf98"
                    TAGREFS="LT4159"
                    BASELINE="596 3725 1767 3721" 
                    HPOS="594"
                    VPOS="3646"
                    WIDTH="1173"
                    HEIGHT="112">
            <Shape><Polygon POINTS="596 3725 596 3739 879 3758 882 3758 884 3758 887 3758 887 3756 903 3742 1167 3751 1170 3751 1355 3739 1617 3756 1619 3756 1708 3739 1748 3751 1750 3751 1752 3751 1755 3751 1757 3751 1757 3749 1767 3739 1767 3721 1762 3648 1736 3646 1734 3646 1731 3646 1729 3646 1729 3648 1710 3667 1441 3667 1413 3655 1392 3646 1390 3646 1387 3646 1385 3646 1355 3655 1329 3665 1312 3655 1294 3646 1291 3646 1209 3646 1207 3646 1205 3646 1202 3646 1184 3660 1170 3667 1102 3660 997 3651 994 3651 903 3665 889 3667 887 3665 870 3651 870 3648 868 3648 865 3648 863 3648 692 3665 643 3648 641 3648 638 3648 636 3648 594 3667 596 3725"/></Shape>
	    <String CONTENT="cheptel, cette vieille charogne!"
                    HPOS="594"
                    VPOS="3646"
                    WIDTH="1173"
                    HEIGHT="112"
                    WC="0.9868055675178766"></String>
          </TextLine>

          
        </TextBlock>
        
        <TextBlock HPOS="589.611328125"
                   VPOS="3830.349365234375"
                   WIDTH="110.71881103515625"
                   HEIGHT="119.818115234375"
                   ID="block_1"
                   TAGREFS="BT10606">
          <Shape><Polygon POINTS="589.611 3830.35 700.33 3830.35 700.33 3950.17 589.611 3950.17 589.611 3830.35"/></Shape>
          
          
          <TextLine ID="eSc_line_91f28f9b"
                    TAGREFS="LT4159"
                    BASELINE="599 3919 683 3915" 
                    HPOS="594"
                    VPOS="3840"
                    WIDTH="89"
                    HEIGHT="96">
            <Shape><Polygon POINTS="594 3870 599 3919 599 3936 683 3934 683 3915 678 3849 652 3840 650 3840 648 3840 645 3840 594 3854 594 3870"/></Shape>
	    <String CONTENT="50"
                    HPOS="594"
                    VPOS="3840"
                    WIDTH="89"
                    HEIGHT="96"
                    WC="0.999535083770752"></String>
          </TextLine>

          
        </TextBlock>
        

        
      </PrintSpace>
    </Page>
  </Layout>
</alto>
