2977 4210
608 498 1919 89 bientôt au large du Canada. A cinq nœuds, on en

610 601 618 88 fait du chemin!

695 706 1827 96 Les autres gamins je les ai largués en route avec

606 804 1912 91 les deux monos. Pas la peine de chercher à les

603 909 1919 101 retrouver, il y a belle lurette que les requins ont dû

608 1017 1914 98 les bouffer. Remarque, je n’avais pas l’intention de

608 1120 1912 110 les tuer. Un concours de circonstances, et ça s’est

610 1223 520 89 fait tout seul.

697 1326 1816 100 Il faut savoir que, pour se baigner, on n’arrête pas

608 1429 1905 86 le bateau, on se laisse glisser à la traîne en s’accro¬

606 1531 1909 89 chant à une amarre. Il suffit qu’on ralentisse un peu

610 1639 1908 98 la vitesse. On prend une corde, nous, on appelle ça

606 1742 1902 96 n Dout, on fait un nœud sur le taquet–je te fais

610 1845 1903 98 grâce des explications techniques-et on balance

608 1945 1907 101 tout le paquet de chanvre à la mer Ensuite, il n’y a

610 2051 1901 105 plus qu’à sauter à l’eau et à s’accrocher. On plonge

608 2158 1905 96 chacun à son tour et on se laisse aller jusqu’à ce

610 2266 890 96 qu’on n’en puisse plus.

697 2364 1811 87 Parfois, à cause de la vitesse du bateau, des vagues

608 2469 1900 96 et des remous on a du mal à ne pas lacher prise.

608 2570 1900 101 Quand on se sent claqué, on remonte le long de

610 2675 1896 89 l’amarre pour se laisser aller sur le pont au soleil.

608 2778 1903 91 On reste comme ça à récupérer jusqu’à ce qu’on

608 2883 1903 99 ait trop chaud et on plonge de nouveau. On forme

613 2991 1895 93 une espèce de noria, si tu vois ce que je veux dire.

613 3094 1898 84 Lorsque le jeu commence, adultes ou ados, tout le

610 3197 1901 96 monde s’y met. Ce qui est important, c’est de ne

610 3297 1894 106 pas rompre le cercle car il faut qu’il y ait toujours

610 3400 1894 98 quelqu’un à bord pour intervenir en cas de couille.

601 3789 140 86 290
