2977 4210
957 1087 1011 103 ALALUMIERE D’HIVER

535 1408 1854 86 T0ut avait été rangé dans le coffre, raconte Clo¬

526 1513 1865 96 taire. Allongé sur la banquette arrière, le môme

526 1611 1863 87 semblait sommeiller, Rémi ne desserrait pas les

526 1719 1865 95 dents et quant à moi, les yeux mi-clos, j’étais perdu

526 1819 1856 98 dans mes pensées. “Quand tu veux, je te relaie,

533 1927 581 91 j’ai marmonné.

610 2013 1777 101 Rémi a haussé les épaules: “Ie bile pas, Cloclo,

524 2121 1870 100 a-t-il répondu, conduire, moi, ça me détend. (Il a

524 2224 1853 100 essayé de voir dans son rétro.) Qu’est-ce qu’il fait?

526 2326 358 91 Il dort?"

610 2425 1781 103 J’ai jeté un coup d’œil en arière et j’ai chuchoté

526 2535 1858 96 que oui, ça m’en avait tout l’air. Rémi a soupiré:

537 2627 1520 98 "Avec un peu de pot, on finira tranquille.

608 2738 1781 99 Mais j’ai senti dans sa voix quelque chose qui

519 2841 1868 94 démentait cet espoir et j’ai dit: “Si ça ne t’ennuie

524 2942 1860 100 pas, je vais roupiller un peu. Mais si t’es fatigué,

524 3040 1154 101 tu le dis et je te remplace, OK?

608 3141 1779 91 Rémi a hoché la tête. J’ai fermé les yeux pour

517 3248 1867 87 me réveiller en sursaut quelques minutes plus tard.

521 3349 1861 86 Putain, ce qu’il faisait froid! Je me suis retourné

519 3449 1865 106 pour constater que Philippe avait ouvert la vitre

519 3552 1868 101 arrière gauche. On avait quitté l’autoroute et on

2263 3737 128 82 163
