2977 4210
566 334 1844 103 Le gars prend ça en plein dans sa poire au cho¬

477 437 1933 107 colat. Les nègres, j’adore; je serais plutôt carré¬

479 547 1933 89 ment raciste avec les blancs-becs de base à cause

479 652 1929 105 de cet air de supériorité qu’ils ont quand ils zyeu¬

482 760 1923 91 tent les mal blanchis, comme ils disent. L’arro¬

486 879 1922 93 gance de ces blaireaux ! De toute façon, moi, je

479 975 1924 114 dis toujours ce qui me vient, surtout si c’est n’im¬

484 1080 1924 108 porte quoi. Simplement, pour mater le bordel que

484 1185 676 99 ça va déclencher.

564 1293 1844 107 Ce que j’apprécie vachement c’est que Clotaire

479 1396 1929 96 n’en fait pas un fromage. Il me mate l’air de dire, tu

484 1506 1921 100 vas voir, petit con, je vais te montrer. Puis il se baisse

484 1609 1926 105 pour soulever mes valises. Ce que j’ai prévu arrive, il

482 1712 1916 112 parvient à peine à les décoller, il va devoir s’y

477 1821 1931 106 reprendre à nouveau. Alors, je m’approche, très cool

482 1929 1919 91 et, haussant les épaules, je les soulève, mes valoches.

482 2034 1916 99 Je leur en mets plein la vue. Fastoche, les mecs,

482 2140 1921 100 rien de plus fastoche! Mais pour ça aussi, je me

486 2247 1912 89 suis entraîné, car elles pèsent deux tonnes chacune.

585 2343 1813 110 — Je plaisantais, je dis. Y a personne qui peut

484 2451 1905 105 porter ces trucs-là! Je me fends carément la gueule.

493 2556 506 100 Y a que moi.

568 2661 1821 103 Je tourne le dos à ma psy pour éviter de lui dire

479 2764 1903 105 au revoir. Dans la glace du vestibule, je vois Clo¬

482 2876 1909 99 taire qui me suit en riboulant des yeux. Il en est

479 2977 1905 93 comme deux ronds de flan. Et tandis que, suivi

479 3084 1908 106 par Rémi, je me dirige vers la porte d’entrée, Luna

479 3194 1896 101 retient ce balourd de négro par le bras en lui ten¬

482 3302 1067 103 dant une grosse enveloppe.

669 3403 1704 107 -Tenez, voilà les papiers du gosse, l’adresse

482 3510 1891 133 de l’abbé en Bretagne, et l’argent pour vos

2249 3697 133 96 123
