<?xml version="1.0" encoding="UTF-8"?>
<alto xmlns:xsi="http://www.w3.org/2001/XMLSchema-instance"
      xmlns="http://www.loc.gov/standards/alto/ns-v4#"
      xsi:schemaLocation="http://www.loc.gov/standards/alto/ns-v4# http://www.loc.gov/standards/alto/v4/alto-4-2.xsd">
  <Description>
    <MeasurementUnit>pixel</MeasurementUnit>
    <sourceImageInformation>
      <fileName>page_00086.png</fileName>
      
    </sourceImageInformation>
  </Description>
  
  <Tags>
    <OtherTag ID="BT10605" LABEL="MainZone" DESCRIPTION="block type MainZone"/><OtherTag ID="BT10606" LABEL="NumberingZone" DESCRIPTION="block type NumberingZone"/><OtherTag ID="BT10607" LABEL="RunningTitleZone" DESCRIPTION="block type RunningTitleZone"/><OtherTag ID="BT10608" LABEL="QuireMarksZone" DESCRIPTION="block type QuireMarksZone"/><OtherTag ID="BT10609" LABEL="CustomZone" DESCRIPTION="block type CustomZone"/>
    <OtherTag ID="LT4159" LABEL="DefaultLine" DESCRIPTION="line type DefaultLine"/><OtherTag ID="LT4160" LABEL="HeadingLine" DESCRIPTION="line type HeadingLine"/><OtherTag ID="LT4161" LABEL="default" DESCRIPTION="line type default"/>
  </Tags>
  
  <Layout>
    <Page WIDTH="2977"
          HEIGHT="4210"
          PHYSICAL_IMG_NR="83"
          ID="eSc_dummypage_">
      <PrintSpace HPOS="0"
                  VPOS="0"
                  WIDTH="2977"
                  HEIGHT="4210">
        
        <TextBlock HPOS="402"
                   VPOS="430"
                   WIDTH="1951"
                   HEIGHT="3186"
                   ID="block_0"
                   TAGREFS="BT10605">
          <Shape><Polygon POINTS="2351 430 2353 3614 402 3616 402 430"/></Shape>
          
          
          <TextLine ID="eSc_line_a77ad3d9"
                    TAGREFS="LT4159"
                    BASELINE="547 533 2298 540" 
                    HPOS="545"
                    VPOS="467"
                    WIDTH="1753"
                    HEIGHT="101">
            <Shape><Polygon POINTS="2253 484 2230 484 2207 484 2183 484 2160 484 2146 481 2059 488 2052 488 2033 481 2019 481 1996 479 1982 479 1951 488 1949 488 1923 488 1652 477 1649 477 1429 486 1408 486 1406 486 1369 470 1366 470 1364 470 1362 470 1315 486 1310 488 1146 488 1144 486 1125 470 1125 467 1123 467 1121 467 1118 467 809 484 788 484 786 484 748 467 746 467 659 467 657 467 655 467 652 467 634 484 631 484 547 484 547 533 545 547 674 549 688 563 690 563 692 563 695 563 1146 554 1165 566 1167 566 1170 566 1172 566 1284 554 1324 566 1327 566 1329 566 1830 556 1860 568 1862 568 1865 568 2295 554 2298 540 2295 491 2263 484 2253 484"/></Shape>
	    <String CONTENT="– Viens plutôt me donner un coup de main."
                    HPOS="545"
                    VPOS="467"
                    WIDTH="1753"
                    HEIGHT="101"
                    WC="0.9858997975076947"></String>
          </TextLine>

          
          
          <TextLine ID="eSc_line_c83caba6"
                    TAGREFS="LT4159"
                    BASELINE="442 647 2026 640" 
                    HPOS="439"
                    VPOS="573"
                    WIDTH="1587"
                    HEIGHT="102">
            <Shape><Polygon POINTS="442 647 442 664 585 675 587 675 589 675 592 675 603 664 606 664 681 664 1177 673 1179 673 2024 659 2026 640 2017 573 1970 589 1785 589 1769 575 1767 575 1764 575 1762 575 1542 587 1504 575 1500 573 1497 573 1495 573 1493 573 1490 573 1490 575 1469 591 1327 591 1294 575 1291 575 1289 575 1287 575 1284 575 1226 591 1001 591 975 577 971 575 968 575 966 575 950 577 835 591 439 580 442 647"/></Shape>
	    <String CONTENT="Tu peux aussi bien parler en bossant, non?"
                    HPOS="439"
                    VPOS="573"
                    WIDTH="1587"
                    HEIGHT="102"
                    WC="0.9866038745357877"></String>
          </TextLine>

          
          
          <TextLine ID="eSc_line_88b68310"
                    TAGREFS="LT4159"
                    BASELINE="507 748 2300 748" 
                    HPOS="507"
                    VPOS="675"
                    WIDTH="1793"
                    HEIGHT="92">
            <Shape><Polygon POINTS="507 748 507 767 2300 767 2300 748 2300 696 2185 696 2185 694 2146 675 2143 675 2099 675 2097 675 2094 675 2092 675 2073 692 2033 675 2031 675 2029 675 2026 675 1987 694 1947 680 1944 680 1942 680 1940 680 1893 694 1891 694 1886 694 1783 680 1781 680 1778 680 1743 689 1727 675 1724 675 1722 675 1720 675 1593 692 1537 675 1535 675 1532 675 1530 675 1528 675 1504 694 1502 696 1429 696 1425 694 1390 675 1387 675 1385 675 1383 675 1315 692 1305 694 1296 692 1214 675 1212 675 1209 675 1170 692 1165 696 1102 696 1097 692 1062 675 1060 675 1057 675 1055 675 1015 692 1008 696 802 696 798 692 777 675 774 675 772 675 769 675 767 675 711 692 699 694 685 692 629 675 627 675 624 675 622 675 587 687 524 675 521 675 519 675 517 675 507 682 507 748"/></Shape>
	    <String CONTENT="Rémi hausse les épaules, fataliste, et obéit en"
                    HPOS="507"
                    VPOS="675"
                    WIDTH="1793"
                    HEIGHT="92"
                    WC="0.9882675695419312"></String>
          </TextLine>

          
          
          <TextLine ID="eSc_line_3aa70687"
                    TAGREFS="LT4159"
                    BASELINE="432 853 2293 849" 
                    HPOS="430"
                    VPOS="785"
                    WIDTH="1863"
                    HEIGHT="101">
            <Shape><Polygon POINTS="432 853 432 874 1174 886 1177 886 1179 886 1181 886 1198 874 1205 874 1542 884 1544 884 1547 884 1575 872 1577 872 1867 872 1888 872 2155 884 2157 884 2291 870 2293 849 2288 799 1862 799 1792 785 1790 785 1713 797 1635 785 1633 785 1465 797 1439 785 1437 785 1434 785 1376 797 1301 788 1298 788 1296 788 1294 788 1277 799 585 788 582 788 430 802 432 853"/></Shape>
	    <String CONTENT="ronchonnant puis, pendant que les deux garçons"
                    HPOS="430"
                    VPOS="785"
                    WIDTH="1863"
                    HEIGHT="101"
                    WC="0.9947895420358536"></String>
          </TextLine>

          
          
          <TextLine ID="eSc_line_edcfb6d5"
                    TAGREFS="LT4159"
                    BASELINE="437 963 2298 956" 
                    HPOS="435"
                    VPOS="886"
                    WIDTH="1863"
                    HEIGHT="101">
            <Shape><Polygon POINTS="437 963 437 987 2298 975 2298 956 2293 902 1987 902 1919 886 1916 886 1914 886 1858 900 1839 886 1837 886 1834 886 1762 886 1759 886 1757 886 1755 886 1736 900 1680 886 1678 886 1675 886 1673 886 1638 902 1535 888 1532 888 1432 902 1385 888 1383 888 1380 888 1378 888 1376 888 1355 902 1247 888 1245 888 1177 902 1160 888 1158 888 1156 888 1153 888 1151 888 1149 888 1132 902 938 905 865 891 863 891 730 905 711 891 709 891 706 891 561 891 559 891 435 907 437 963"/></Shape>
	    <String CONTENT="grattent et lessivent côte à côte, il développe son"
                    HPOS="435"
                    VPOS="886"
                    WIDTH="1863"
                    HEIGHT="101"
                    WC="0.9909667296843095"></String>
          </TextLine>

          
          
          <TextLine ID="eSc_line_1fb62682"
                    TAGREFS="LT4159"
                    BASELINE="437 1064 624 1064" 
                    HPOS="437"
                    VPOS="989"
                    WIDTH="187"
                    HEIGHT="93">
            <Shape><Polygon POINTS="437 1064 437 1082 624 1082 624 1064 624 1017 552 989 549 989 491 989 489 989 486 989 437 1015 437 1064"/></Shape>
	    <String CONTENT="idée."
                    HPOS="437"
                    VPOS="989"
                    WIDTH="187"
                    HEIGHT="93"
                    WC="0.9760600328445435"></String>
          </TextLine>

          
          
          <TextLine ID="eSc_line_95fca5db"
                    TAGREFS="LT4159"
                    BASELINE="526 1160 2288 1164" 
                    HPOS="524"
                    VPOS="1092"
                    WIDTH="1764"
                    HEIGHT="103">
            <Shape><Polygon POINTS="524 1174 636 1176 655 1192 657 1192 659 1192 662 1192 774 1181 833 1192 835 1192 837 1192 840 1192 854 1178 879 1192 882 1192 884 1195 1092 1195 1092 1192 1095 1192 1097 1192 1114 1181 1181 1190 1184 1190 1186 1190 1226 1178 1240 1190 1242 1190 1245 1190 1247 1190 1249 1190 1289 1181 1422 1192 1425 1192 1427 1192 1451 1181 1462 1192 1465 1192 1467 1192 1589 1195 1591 1195 1593 1195 1638 1183 1762 1192 1764 1192 1767 1192 1806 1181 1818 1192 1820 1192 1823 1192 1825 1192 2286 1178 2288 1164 2286 1117 2171 1094 2169 1094 1994 1115 1991 1115 1951 1094 1949 1094 1947 1094 1893 1106 1848 1094 1846 1094 1844 1094 1841 1094 1792 1115 1790 1117 1626 1117 1624 1115 1572 1094 1570 1094 1568 1094 1565 1094 1563 1094 1542 1113 1481 1115 1434 1115 1432 1115 1408 1094 1408 1092 1406 1092 1404 1092 1401 1092 1399 1092 1334 1113 1334 1115 1083 1115 1081 1113 1046 1092 1043 1092 1041 1092 1039 1092 961 1108 901 1092 898 1092 896 1092 894 1092 891 1092 865 1113 863 1113 800 1096 798 1096 795 1096 793 1096 755 1113 725 1092 723 1092 720 1092 674 1092 671 1092 669 1092 667 1092 643 1113 641 1113 526 1113 526 1160"/></Shape>
	    <String CONTENT="— Ça te dirait, ce week-end, une virée en Bre¬"
                    HPOS="524"
                    VPOS="1092"
                    WIDTH="1764"
                    HEIGHT="103"
                    WC="0.9786209960778555"></String>
          </TextLine>

          
          
          <TextLine ID="eSc_line_6445e147"
                    TAGREFS="LT4159"
                    BASELINE="435 1272 2291 1267" 
                    HPOS="432"
                    VPOS="1197"
                    WIDTH="1859"
                    HEIGHT="108">
            <Shape><Polygon POINTS="435 1272 435 1295 905 1288 1018 1293 1233 1305 1235 1305 1317 1293 1362 1286 1563 1286 1605 1291 1696 1302 1699 1302 1701 1302 1703 1302 1717 1291 1724 1286 1757 1291 1858 1302 1860 1302 2019 1298 2022 1298 2024 1298 2036 1288 2038 1286 2040 1288 2054 1298 2057 1298 2059 1298 2061 1298 2291 1286 2291 1267 2288 1220 2211 1197 2209 1197 2207 1197 2204 1197 2146 1218 2064 1197 2061 1197 2059 1197 2057 1197 2054 1197 2026 1220 1500 1220 1458 1197 1455 1197 1378 1197 1376 1197 1373 1197 1371 1197 1345 1220 1296 1199 1294 1199 1291 1199 1088 1220 989 1218 964 1199 961 1199 959 1199 957 1199 954 1199 896 1218 655 1199 652 1199 650 1199 594 1216 456 1202 454 1202 451 1202 449 1202 449 1204 432 1216 435 1272"/></Shape>
	    <String CONTENT="tagne? Tous frais payés. Un coup super... Je t’ai"
                    HPOS="432"
                    VPOS="1197"
                    WIDTH="1859"
                    HEIGHT="108"
                    WC="0.9886585366725922"></String>
          </TextLine>

          
          
          <TextLine ID="eSc_line_afc658dd"
                    TAGREFS="LT4159"
                    BASELINE="435 1375 1755 1370" 
                    HPOS="432"
                    VPOS="1305"
                    WIDTH="1323"
                    HEIGHT="103">
            <Shape><Polygon POINTS="435 1375 435 1393 507 1408 510 1408 580 1393 589 1393 620 1393 924 1408 926 1408 929 1408 980 1393 980 1391 1263 1391 1273 1391 1345 1405 1348 1405 1752 1389 1755 1370 1745 1305 1696 1323 1551 1323 1537 1307 1535 1307 1535 1305 1532 1305 1530 1305 1490 1305 1488 1305 1486 1305 1483 1305 1483 1307 1479 1309 1467 1323 1078 1326 936 1326 919 1319 875 1307 872 1307 870 1307 868 1307 830 1319 816 1307 814 1307 812 1307 809 1307 807 1307 805 1307 805 1309 793 1321 592 1323 575 1309 575 1307 573 1307 571 1307 461 1307 458 1307 456 1307 454 1307 432 1321 435 1375"/></Shape>
	    <String CONTENT="déjà raconté pour ma copine Luna?"
                    HPOS="432"
                    VPOS="1305"
                    WIDTH="1323"
                    HEIGHT="103"
                    WC="0.989313715034061"></String>
          </TextLine>

          
          
          <TextLine ID="eSc_line_22f24658"
                    TAGREFS="LT4159"
                    BASELINE="571 1475 2286 1480" 
                    HPOS="568"
                    VPOS="1405"
                    WIDTH="1718"
                    HEIGHT="103">
            <Shape><Polygon POINTS="571 1475 568 1489 671 1503 674 1503 863 1494 877 1506 879 1506 882 1506 884 1506 954 1494 982 1506 985 1506 987 1506 2132 1496 2146 1508 2148 1508 2150 1508 2153 1508 2284 1494 2286 1480 2284 1429 1916 1408 1914 1408 1827 1426 1825 1426 1823 1426 1767 1408 1764 1408 1762 1408 1759 1408 1715 1426 1713 1426 1680 1408 1678 1408 1675 1408 1598 1422 1558 1408 1556 1408 1554 1408 1551 1408 1509 1426 1504 1426 1500 1426 1422 1405 1420 1405 1418 1405 1303 1424 1301 1426 1135 1426 1135 1424 1111 1405 1109 1405 1107 1405 999 1405 997 1405 994 1405 992 1405 971 1424 968 1426 753 1426 748 1424 720 1405 718 1405 716 1405 713 1405 571 1422 571 1475"/></Shape>
	    <String CONTENT="– Tu m’as déjà raconté la drôle de relation que"
                    HPOS="568"
                    VPOS="1405"
                    WIDTH="1718"
                    HEIGHT="103"
                    WC="0.9948274481530283"></String>
          </TextLine>

          
          
          <TextLine ID="eSc_line_60bb08f4"
                    TAGREFS="LT4159"
                    BASELINE="435 1583 2101 1583" 
                    HPOS="435"
                    VPOS="1515"
                    WIDTH="1666"
                    HEIGHT="87">
            <Shape><Polygon POINTS="435 1583 435 1602 2101 1602 2101 1583 2101 1534 1818 1534 1785 1515 1783 1515 1781 1515 1441 1529 1338 1515 1336 1515 1334 1515 1289 1531 1109 1531 1074 1515 1071 1515 971 1515 968 1515 966 1515 964 1515 943 1534 512 1534 461 1515 458 1515 456 1515 454 1515 451 1515 435 1527 435 1583"/></Shape>
	    <String CONTENT="tu as avec une fille complètement à la masse."
                    HPOS="435"
                    VPOS="1515"
                    WIDTH="1666"
                    HEIGHT="87"></String>
          </TextLine>

          
          
          <TextLine ID="eSc_line_a04c18c9"
                    TAGREFS="LT4159"
                    BASELINE="521 1679 2286 1686" 
                    HPOS="519"
                    VPOS="1613"
                    WIDTH="1767"
                    HEIGHT="103">
            <Shape><Polygon POINTS="521 1679 519 1693 657 1695 676 1712 678 1712 681 1712 683 1714 903 1714 903 1712 905 1712 908 1712 926 1698 1067 1712 1069 1712 1139 1700 1207 1714 1209 1716 1446 1716 1446 1714 1530 1700 1799 1714 1802 1714 2284 1700 2286 1686 2286 1639 2251 1618 2249 1618 2246 1618 2244 1618 2242 1618 2185 1632 2169 1618 2167 1618 2164 1618 2162 1618 1979 1632 1928 1620 1926 1620 1923 1620 1921 1620 1919 1620 1895 1639 1788 1618 1785 1618 1783 1618 1720 1639 1717 1639 1715 1639 1680 1627 1678 1627 1675 1627 1535 1637 1518 1625 1516 1625 1514 1625 1511 1625 1392 1637 1390 1637 1341 1616 1338 1616 1336 1616 1217 1627 1172 1616 1170 1616 1167 1616 1165 1616 1163 1616 1137 1637 1135 1637 1071 1618 1069 1618 1067 1618 980 1634 959 1634 772 1634 716 1613 713 1613 676 1613 674 1613 671 1613 669 1613 643 1634 641 1634 521 1634 521 1679"/></Shape>
	    <String CONTENT="– Ouais, cette foldingue n’a rien trouvé de"
                    HPOS="519"
                    VPOS="1613"
                    WIDTH="1767"
                    HEIGHT="103"
                    WC="0.9942717050964182"></String>
          </TextLine>

          
          
          <TextLine ID="eSc_line_045ec74c"
                    TAGREFS="LT4159"
                    BASELINE="430 1791 2286 1791" 
                    HPOS="430"
                    VPOS="1723"
                    WIDTH="1856"
                    HEIGHT="98">
            <Shape><Polygon POINTS="430 1791 430 1807 688 1821 690 1821 814 1810 938 1821 940 1821 2125 1810 2211 1821 2214 1821 2284 1807 2286 1791 2284 1740 1848 1740 1738 1723 1736 1723 1734 1723 1731 1723 1713 1737 1692 1723 1689 1723 1687 1723 1685 1723 1621 1735 1542 1723 1539 1723 1537 1723 1535 1723 1516 1740 1308 1740 1240 1723 1238 1723 1160 1737 1081 1723 1078 1723 924 1737 858 1723 856 1723 854 1723 851 1723 833 1740 430 1740 430 1791"/></Shape>
	    <String CONTENT="mieux que de gratter dans un EMP. Tu sais ce que"
                    HPOS="430"
                    VPOS="1723"
                    WIDTH="1856"
                    HEIGHT="98"
                    WC="0.9836534808079401"></String>
          </TextLine>

          
          
          <TextLine ID="eSc_line_d72c10db"
                    TAGREFS="LT4159"
                    BASELINE="435 1896 669 1892" 
                    HPOS="432"
                    VPOS="1821"
                    WIDTH="237"
                    HEIGHT="99">
            <Shape><Polygon POINTS="435 1896 435 1906 535 1920 538 1920 615 1906 648 1917 650 1917 652 1917 655 1917 657 1917 657 1915 669 1903 669 1892 664 1829 627 1821 624 1821 622 1821 620 1821 608 1833 606 1833 603 1833 592 1824 589 1824 587 1824 585 1824 582 1824 557 1836 542 1843 517 1840 458 1833 456 1833 454 1833 432 1843 435 1896"/></Shape>
	    <String CONTENT="c’est?"
                    HPOS="432"
                    VPOS="1821"
                    WIDTH="237"
                    HEIGHT="99"
                    WC="0.9758064051469167"></String>
          </TextLine>

          
          
          <TextLine ID="eSc_line_8615dd81"
                    TAGREFS="LT4159"
                    BASELINE="526 1992 847 1999" 
                    HPOS="524"
                    VPOS="1924"
                    WIDTH="323"
                    HEIGHT="99">
            <Shape><Polygon POINTS="526 1992 524 2002 739 2023 741 2023 844 2009 847 1999 847 1959 732 1924 730 1924 655 1924 652 1924 650 1924 648 1924 648 1927 615 1955 526 1955 526 1992"/></Shape>
	    <String CONTENT="— Non."
                    HPOS="524"
                    VPOS="1924"
                    WIDTH="323"
                    HEIGHT="99"
                    WC="0.9988861779371897"></String>
          </TextLine>

          
          
          <TextLine ID="eSc_line_4b2c0ced"
                    TAGREFS="LT4159"
                    BASELINE="514 2097 2288 2102" 
                    HPOS="512"
                    VPOS="2027"
                    WIDTH="1776"
                    HEIGHT="108">
            <Shape><Polygon POINTS="514 2097 512 2112 655 2114 669 2128 671 2128 674 2128 676 2128 777 2116 791 2128 793 2128 795 2128 798 2128 1327 2119 1401 2135 1404 2135 1490 2123 1806 2135 1809 2135 1905 2119 2286 2119 2288 2102 2288 2053 2218 2030 2216 2030 2214 2030 2211 2030 2146 2048 2122 2030 2120 2030 2118 2030 2115 2030 2036 2048 1998 2030 1996 2030 1914 2030 1912 2030 1909 2030 1907 2030 1877 2051 1874 2051 1720 2030 1717 2030 1715 2030 1675 2051 1673 2053 1582 2053 1577 2051 1544 2030 1542 2030 1539 2030 1472 2030 1469 2030 1467 2030 1465 2030 1441 2048 1329 2048 1287 2027 1284 2027 1282 2027 1097 2048 1095 2048 1074 2032 1071 2032 1069 2032 1067 2032 1064 2032 1013 2048 1011 2048 1006 2048 884 2032 882 2032 774 2048 765 2048 762 2048 730 2027 727 2027 725 2027 657 2027 655 2027 652 2027 650 2027 624 2048 622 2048 514 2048 514 2097"/></Shape>
	    <String CONTENT="– Un externat médico-pédagogique. Une boîte"
                    HPOS="512"
                    VPOS="2027"
                    WIDTH="1776"
                    HEIGHT="108"
                    WC="0.9850099734638048"></String>
          </TextLine>

          
          
          <TextLine ID="eSc_line_c77c2fe2"
                    TAGREFS="LT4159"
                    BASELINE="432 2210 2286 2210" 
                    HPOS="432"
                    VPOS="2137"
                    WIDTH="1854"
                    HEIGHT="101">
            <Shape><Polygon POINTS="432 2210 432 2238 2286 2226 2286 2210 2286 2156 2174 2154 2153 2137 2150 2137 2148 2137 2146 2137 2003 2154 1970 2137 1968 2137 1797 2137 1795 2137 1792 2137 1790 2137 1767 2156 1624 2156 1568 2137 1565 2137 1563 2137 1462 2154 1401 2137 1399 2137 1397 2137 1394 2137 1392 2137 1369 2156 1231 2156 1181 2140 1179 2140 1177 2140 1174 2140 1118 2154 1055 2137 1053 2137 1050 2137 903 2154 877 2137 875 2137 872 2137 772 2137 769 2137 767 2137 765 2137 744 2154 432 2154 432 2210"/></Shape>
	    <String CONTENT="pour arriérés, enfants inadaptés ou débiles. Bon."
                    HPOS="432"
                    VPOS="2137"
                    WIDTH="1854"
                    HEIGHT="101"
                    WC="0.9790842251957588"></String>
          </TextLine>

          
          
          <TextLine ID="eSc_line_ee2ebcf7"
                    TAGREFS="LT4159"
                    BASELINE="428 2313 2281 2313" 
                    HPOS="428"
                    VPOS="2242"
                    WIDTH="1853"
                    HEIGHT="101">
            <Shape><Polygon POINTS="428 2313 428 2329 652 2343 655 2343 903 2331 2146 2343 2148 2343 2281 2329 2281 2313 2281 2261 2050 2261 2015 2242 2012 2242 2010 2242 1923 2261 1759 2261 1724 2242 1722 2242 1666 2242 1664 2242 1661 2242 1659 2242 1635 2259 1446 2245 1444 2245 1350 2259 1301 2242 1298 2242 1296 2242 1114 2259 1083 2242 1081 2242 924 2242 922 2242 919 2242 917 2242 896 2257 856 2242 854 2242 851 2242 849 2242 847 2242 830 2257 545 2259 451 2242 449 2242 447 2242 444 2242 428 2254 428 2313"/></Shape>
	    <String CONTENT="On emprunte à Marie-Rosette sa Coccinelle pour¬"
                    HPOS="428"
                    VPOS="2242"
                    WIDTH="1853"
                    HEIGHT="101"
                    WC="0.9813992443184058"></String>
          </TextLine>

          
          
          <TextLine ID="eSc_line_f87d6a5d"
                    TAGREFS="LT4159"
                    BASELINE="428 2420 2008 2420" 
                    HPOS="428"
                    VPOS="2359"
                    WIDTH="1580"
                    HEIGHT="78">
            <Shape><Polygon POINTS="428 2420 428 2437 2008 2437 2008 2420 2008 2378 1666 2378 1554 2359 1408 2378 1387 2359 1322 2378 1224 2378 1186 2359 1125 2359 1104 2378 982 2359 809 2376 727 2359 706 2378 624 2378 596 2359 549 2378 428 2378 428 2420"/></Shape>
	    <String CONTENT="rie et je t’emmène dîner chez Luna ce soir."
                    HPOS="428"
                    VPOS="2359"
                    WIDTH="1580"
                    HEIGHT="78"></String>
          </TextLine>

          
          
          <TextLine ID="eSc_line_6a8f5058"
                    TAGREFS="LT4159"
                    BASELINE="580 2518 1392 2523" 
                    HPOS="578"
                    VPOS="2448"
                    WIDTH="814"
                    HEIGHT="108">
            <Shape><Polygon POINTS="580 2518 578 2530 650 2533 667 2549 669 2549 671 2549 674 2549 676 2549 732 2535 751 2549 751 2551 753 2551 755 2551 758 2551 849 2535 868 2551 868 2554 870 2554 872 2554 875 2554 959 2542 1027 2556 1029 2556 1032 2556 1064 2542 1198 2556 1200 2556 1390 2535 1392 2523 1390 2451 1350 2451 1348 2451 1345 2451 1343 2451 1343 2453 1322 2472 1249 2453 1240 2451 1238 2451 1235 2451 1233 2451 1221 2453 1158 2472 1116 2455 1102 2451 1099 2451 1097 2451 1095 2451 1081 2458 1048 2472 854 2472 847 2462 837 2455 837 2453 835 2453 833 2453 830 2453 828 2453 798 2462 781 2469 769 2465 741 2448 739 2448 737 2448 580 2467 580 2518"/></Shape>
	    <String CONTENT="— C’est quoi, le plan?"
                    HPOS="578"
                    VPOS="2448"
                    WIDTH="814"
                    HEIGHT="108"
                    WC="0.9902611835436388"></String>
          </TextLine>

          
          
          <TextLine ID="eSc_line_d2288944"
                    TAGREFS="LT4159"
                    BASELINE="514 2621 2288 2628" 
                    HPOS="512"
                    VPOS="2551"
                    WIDTH="1776"
                    HEIGHT="105">
            <Shape><Polygon POINTS="514 2621 512 2635 636 2638 655 2654 657 2654 659 2654 662 2656 720 2656 720 2654 723 2654 725 2654 741 2640 758 2654 760 2654 762 2654 765 2656 842 2656 842 2654 844 2654 875 2640 889 2652 891 2652 894 2652 896 2652 1062 2645 1228 2656 1231 2656 1233 2656 1263 2642 1287 2654 1289 2654 1291 2654 1373 2642 1441 2654 1444 2654 1446 2654 1481 2642 1699 2654 1701 2654 1825 2645 1848 2656 1851 2656 1853 2656 1855 2656 1888 2645 1968 2656 1970 2656 1972 2656 2022 2645 2286 2645 2288 2628 2286 2579 2153 2556 2150 2556 2031 2577 2029 2577 2026 2577 1996 2565 1994 2565 1991 2565 1933 2572 1912 2556 1909 2556 1907 2556 1855 2556 1853 2556 1851 2556 1848 2556 1823 2577 1820 2577 1757 2577 1673 2575 1649 2554 1647 2554 1645 2554 1521 2554 1518 2554 1516 2554 1514 2554 1488 2575 1432 2554 1429 2554 1427 2554 1425 2554 1369 2575 1334 2554 1331 2554 1329 2554 1327 2554 1324 2554 1256 2575 1254 2575 1249 2575 1195 2554 1193 2554 1191 2554 1188 2554 1114 2575 1107 2575 1036 2572 982 2572 957 2551 954 2551 952 2551 950 2551 947 2551 891 2572 863 2551 861 2551 858 2551 856 2551 854 2551 807 2570 786 2551 784 2551 781 2551 779 2551 777 2551 732 2572 730 2572 727 2572 669 2551 667 2551 664 2551 662 2551 659 2551 634 2572 631 2572 514 2572 514 2621"/></Shape>
	    <String CONTENT="– Je lui ai promis de la délivrer d’un môme"
                    HPOS="512"
                    VPOS="2551"
                    WIDTH="1776"
                    HEIGHT="105"
                    WC="0.9944419317775303"></String>
          </TextLine>

          
          
          <TextLine ID="eSc_line_9920aca1"
                    TAGREFS="LT4159"
                    BASELINE="430 2738 2286 2734" 
                    HPOS="428"
                    VPOS="2661"
                    WIDTH="1858"
                    HEIGHT="105">
            <Shape><Polygon POINTS="430 2738 430 2766 645 2752 1029 2762 1195 2764 1198 2764 1284 2759 1401 2750 1699 2755 2260 2762 2263 2762 2265 2762 2267 2762 2286 2748 2286 2734 2284 2680 2235 2661 2232 2661 2230 2661 2115 2678 1987 2661 1984 2661 1982 2661 1979 2661 1956 2680 1614 2680 1568 2663 1565 2663 1563 2663 1561 2663 1509 2675 1406 2661 1404 2661 1401 2661 1341 2682 1224 2682 1186 2663 1184 2663 1181 2663 1179 2663 1125 2682 968 2682 936 2663 933 2663 931 2663 929 2663 879 2678 779 2663 777 2663 774 2663 772 2663 755 2678 737 2663 734 2663 732 2663 730 2663 592 2675 561 2663 559 2663 557 2663 428 2682 430 2738"/></Shape>
	    <String CONTENT="perturbé. On le conduit en Bretagne et on le refile"
                    HPOS="428"
                    VPOS="2661"
                    WIDTH="1858"
                    HEIGHT="105"
                    WC="0.9771524266554759"></String>
          </TextLine>

          
          
          <TextLine ID="eSc_line_493f499a"
                    TAGREFS="LT4159"
                    BASELINE="430 2844 2284 2837" 
                    HPOS="428"
                    VPOS="2769"
                    WIDTH="1856"
                    HEIGHT="107">
            <Shape><Polygon POINTS="430 2844 430 2860 933 2860 936 2860 952 2874 954 2874 957 2874 959 2876 1018 2876 1018 2874 1020 2874 1071 2860 1085 2858 1371 2858 1378 2860 1397 2872 1399 2872 1401 2872 1404 2872 1547 2860 1556 2860 1572 2860 1750 2867 1752 2867 1755 2867 1757 2867 1769 2860 1776 2855 1839 2860 1982 2869 1984 2869 1987 2869 1989 2869 2005 2860 2012 2855 2029 2860 2071 2869 2073 2869 2075 2869 2078 2869 2118 2860 2136 2855 2157 2860 2214 2869 2216 2869 2281 2858 2284 2837 2279 2785 2197 2769 2195 2769 2192 2769 2146 2783 2146 2785 1998 2785 1991 2783 1909 2769 1907 2769 1905 2769 1865 2783 1860 2783 1855 2783 1809 2769 1806 2769 1804 2769 1802 2769 1774 2780 1769 2783 1755 2780 1668 2769 1666 2769 1664 2769 1661 2769 1661 2771 1649 2780 1642 2787 1341 2787 1294 2778 1235 2771 1233 2771 1231 2771 1228 2771 1219 2778 1209 2787 865 2787 819 2776 805 2773 802 2773 800 2773 725 2776 491 2787 428 2776 430 2844"/></Shape>
	    <String CONTENT="à un cureton qui va lui apprendre à élever les"
                    HPOS="428"
                    VPOS="2769"
                    WIDTH="1856"
                    HEIGHT="107"
                    WC="0.9945957198434946"></String>
          </TextLine>

          
          
          <TextLine ID="eSc_line_1a4d3f9a"
                    TAGREFS="LT4159"
                    BASELINE="428 2944 737 2949" 
                    HPOS="425"
                    VPOS="2867"
                    WIDTH="312"
                    HEIGHT="98">
            <Shape><Polygon POINTS="428 2944 425 2961 732 2965 737 2949 737 2895 690 2883 688 2883 685 2883 683 2883 662 2893 585 2867 582 2867 580 2867 578 2867 517 2890 484 2867 482 2867 479 2867 477 2867 475 2867 428 2890 428 2944"/></Shape>
	    <String CONTENT="abeilles."
                    HPOS="425"
                    VPOS="2867"
                    WIDTH="312"
                    HEIGHT="98"
                    WC="0.9951230817370944"></String>
          </TextLine>

          
          
          <TextLine ID="eSc_line_78dd2019"
                    TAGREFS="LT4159"
                    BASELINE="524 3047 2066 3049" 
                    HPOS="521"
                    VPOS="2977"
                    WIDTH="1545"
                    HEIGHT="107">
            <Shape><Polygon POINTS="524 3047 521 3061 650 3063 664 3077 664 3080 667 3080 669 3080 671 3080 674 3080 716 3066 833 3080 835 3080 837 3080 840 3080 856 3068 868 3077 868 3080 870 3080 872 3080 954 3084 957 3084 1212 3080 1214 3080 1217 3080 1233 3066 1266 3082 1268 3082 1270 3082 1348 3066 1369 3082 1369 3084 1371 3084 1373 3084 1376 3084 1460 3070 1542 3084 1544 3084 1547 3084 1549 3084 1549 3082 1568 3068 1582 3077 1584 3077 1586 3077 1589 3080 1689 3080 1689 3077 1692 3077 1694 3077 1694 3075 1703 3068 1715 3077 1717 3077 1720 3077 1722 3077 1996 3066 2038 3077 2040 3077 2043 3077 2045 3077 2047 3077 2064 3063 2066 3049 2064 2979 2024 2977 2022 2977 2019 2977 2017 2977 2017 2979 1996 2998 1937 2979 1928 2977 1926 2977 1923 2977 1921 2977 1909 2979 1860 2993 1848 2982 1846 2982 1844 2982 1841 2982 1839 2982 1818 2991 1802 2982 1795 2977 1792 2977 1790 2977 1713 2977 1710 2977 1708 2977 1706 2977 1706 2979 1701 2982 1687 2996 1642 2996 1603 2984 1589 2979 1586 2979 1584 2979 1582 2979 1579 2979 1575 2984 1554 2998 1523 2984 1504 2977 1502 2977 1500 2977 1497 2977 1481 2986 1455 3000 1090 3000 1067 2991 1029 2977 1027 2977 1025 2977 1022 2977 975 2991 954 2998 933 2991 889 2977 887 2977 884 2977 882 2977 879 2977 879 2979 863 2993 858 2998 849 2993 828 2984 826 2984 823 2984 821 2984 791 2993 777 2998 769 2993 741 2977 739 2977 737 2977 669 2977 667 2977 664 2977 662 2977 662 2979 643 2996 638 2998 524 2998 524 3047"/></Shape>
	    <String CONTENT="— C&#x27;est du pipeau ou quoi, ton histoire?"
                    HPOS="521"
                    VPOS="2977"
                    WIDTH="1545"
                    HEIGHT="107"
                    WC="0.9790949642658233"></String>
          </TextLine>

          
          
          <TextLine ID="eSc_line_189098f5"
                    TAGREFS="LT4159"
                    BASELINE="526 3155 2286 3159" 
                    HPOS="524"
                    VPOS="3087"
                    WIDTH="1762"
                    HEIGHT="100">
            <Shape><Polygon POINTS="526 3155 524 3169 643 3171 659 3185 662 3185 664 3185 667 3185 669 3185 706 3173 734 3185 737 3185 739 3185 830 3173 844 3185 847 3185 849 3185 851 3185 1404 3173 1462 3185 1465 3185 1731 3176 1837 3187 1839 3187 2284 3173 2286 3159 2286 3108 2265 3094 2263 3094 2260 3094 2071 3089 2068 3089 2005 3101 1989 3089 1987 3089 1984 3089 1982 3089 1879 3094 1877 3094 1841 3108 1788 3089 1785 3089 1734 3089 1731 3089 1729 3089 1727 3089 1701 3108 1596 3108 1074 3106 1029 3087 1027 3087 1025 3087 1022 3087 947 3106 945 3106 894 3087 891 3087 889 3087 887 3087 835 3106 819 3092 816 3092 814 3092 812 3092 809 3092 765 3103 732 3087 730 3087 657 3087 655 3087 652 3087 650 3087 627 3106 624 3106 526 3106 526 3155"/></Shape>
	    <String CONTENT="— C&#x27;est du sérieux, mon vieux... On part demain"
                    HPOS="524"
                    VPOS="3087"
                    WIDTH="1762"
                    HEIGHT="100"
                    WC="0.9796817737321059"></String>
          </TextLine>

          
          
          <TextLine ID="eSc_line_cb0b507b"
                    TAGREFS="LT4159"
                    BASELINE="425 3265 2281 3265" 
                    HPOS="425"
                    VPOS="3190"
                    WIDTH="1856"
                    HEIGHT="93">
            <Shape><Polygon POINTS="425 3265 425 3283 2279 3283 2281 3265 2279 3211 2188 3206 2167 3190 2164 3190 2162 3190 2160 3190 2057 3206 2017 3190 2015 3190 2012 3190 1942 3201 1905 3190 1902 3190 1900 3190 1898 3190 1823 3208 1759 3190 1757 3190 1755 3190 1752 3190 1750 3190 1724 3211 1671 3211 1570 3190 1568 3190 1460 3208 1401 3190 1399 3190 1397 3190 1394 3190 1392 3190 1369 3208 1315 3190 1312 3190 1310 3190 1308 3190 1305 3190 1280 3208 1195 3208 1142 3190 1139 3190 1137 3190 1135 3190 1132 3190 1109 3208 1041 3194 1039 3194 1036 3194 1001 3211 887 3211 856 3190 854 3190 851 3190 849 3190 847 3190 809 3201 706 3190 704 3190 702 3190 699 3190 674 3211 564 3211 510 3190 507 3190 505 3190 425 3208 425 3265"/></Shape>
	    <String CONTENT="soir, on fait la route de nuit, le môme dort à l’arrière."
                    HPOS="425"
                    VPOS="3190"
                    WIDTH="1856"
                    HEIGHT="93"
                    WC="0.9725065886974334"></String>
          </TextLine>

          
          
          <TextLine ID="eSc_line_b26d24f8"
                    TAGREFS="LT4159"
                    BASELINE="423 3368 2281 3368" 
                    HPOS="423"
                    VPOS="3295"
                    WIDTH="1858"
                    HEIGHT="94">
            <Shape><Polygon POINTS="423 3368 423 3389 2281 3389 2281 3368 2281 3316 2232 3316 2230 3314 2195 3295 2192 3295 2190 3295 2188 3295 2141 3314 2139 3314 2134 3314 2029 3295 2026 3295 1898 3311 1872 3316 1577 3316 1558 3309 1530 3300 1528 3300 1525 3300 1523 3300 1490 3309 1474 3311 1462 3307 1427 3295 1425 3295 1422 3295 1350 3307 1303 3316 1240 3316 1221 3307 1202 3295 1200 3295 1125 3295 1123 3295 1121 3295 1102 3304 1083 3314 1062 3304 1039 3295 1036 3295 1034 3295 1032 3295 999 3304 959 3314 868 3314 854 3302 844 3295 842 3295 840 3295 793 3295 791 3295 788 3295 786 3295 779 3302 760 3314 423 3300 423 3368"/></Shape>
	    <String CONTENT="Le matin, il se réveille en Bretagne, au milieu des"
                    HPOS="423"
                    VPOS="3295"
                    WIDTH="1858"
                    HEIGHT="94"
                    WC="0.9681023416610864"></String>
          </TextLine>

          
          
          <TextLine ID="eSc_line_657fa910"
                    TAGREFS="LT4159"
                    BASELINE="423 3468 2277 3473" 
                    HPOS="421"
                    VPOS="3396"
                    WIDTH="1856"
                    HEIGHT="109">
            <Shape><Polygon POINTS="423 3468 421 3487 456 3501 458 3501 461 3501 1329 3491 1586 3505 1589 3505 2274 3491 2277 3473 2277 3419 2235 3398 2232 3398 2230 3398 2228 3398 2167 3414 2111 3398 2108 3398 2106 3398 2104 3398 2101 3398 2075 3417 1947 3417 1928 3403 1926 3403 1923 3403 1921 3403 1919 3403 1916 3403 1898 3417 1898 3419 1586 3419 1584 3417 1561 3398 1558 3398 1556 3398 1554 3398 1551 3398 1511 3417 1509 3417 1507 3417 1429 3398 1427 3398 1336 3414 1312 3396 1310 3396 1308 3396 1305 3396 1303 3396 1259 3414 1221 3396 1219 3396 1217 3396 1069 3414 933 3414 912 3396 910 3396 908 3396 905 3396 833 3412 753 3396 751 3396 748 3396 746 3396 723 3414 720 3417 662 3417 659 3414 624 3396 622 3396 561 3396 559 3396 557 3396 517 3414 514 3414 477 3396 475 3396 472 3396 470 3396 423 3412 423 3468"/></Shape>
	    <String CONTENT="abeilles. Et il y a mille balles à gagner, tous frais"
                    HPOS="421"
                    VPOS="3396"
                    WIDTH="1856"
                    HEIGHT="109"
                    WC="0.9773136377334595"></String>
          </TextLine>

          
          
          <TextLine ID="eSc_line_a11501e6"
                    TAGREFS="LT4159"
                    BASELINE="428 3578 657 3578" 
                    HPOS="428"
                    VPOS="3508"
                    WIDTH="229"
                    HEIGHT="107">
            <Shape><Polygon POINTS="428 3578 428 3615 657 3599 657 3578 657 3527 603 3508 601 3508 599 3508 428 3524 428 3578"/></Shape>
	    <String CONTENT="payés."
                    HPOS="428"
                    VPOS="3508"
                    WIDTH="229"
                    HEIGHT="107"
                    WC="0.9975249767303467"></String>
          </TextLine>

          
        </TextBlock>
        
        <TextBlock HPOS="2184"
                   VPOS="3804"
                   WIDTH="116"
                   HEIGHT="101"
                   ID="eSc_textblock_a2c415ab"
                   TAGREFS="BT10606">
          <Shape><Polygon POINTS="2184 3804 2184 3905 2300 3905 2300 3804 2244 3804"/></Shape>
          
          
          <TextLine ID="eSc_line_3af38eec"
                    TAGREFS="LT4159"
                    BASELINE="2191 3884 2286 3882" 
                    HPOS="2187"
                    VPOS="3806"
                    WIDTH="98"
                    HEIGHT="88">
            <Shape><Polygon POINTS="2257 3806 2222 3806 2187 3806 2190 3883 2190 3894 2281 3890 2285 3880 2274 3806 2257 3806"/></Shape>
	    <String CONTENT="99"
                    HPOS="2187"
                    VPOS="3806"
                    WIDTH="98"
                    HEIGHT="88"
                    WC="0.9996849298477173"></String>
          </TextLine>

          
        </TextBlock>
        

        
      </PrintSpace>
    </Page>
  </Layout>
</alto>
