2977 4210
865 1043 1030 100 ALALUMIÈRE D’HIVER

519 1368 1788 96 — Ce n’était que le commencement! soupire

456 1468 328 87 Clotaire.

538 1571 800 91 Luna arrête la bande.

552 1674 1748 101 – Vous auriez dû mettre les choses au point,

451 1775 1079 93 être plus fermes dès le début.

547 1887 1745 81 — J’aurais voulu vous y voir, vous! proteste

451 1974 398 95 l’Antillais.

526 2081 723 94 Luna hoche la tête.

538 2186 1757 101 – Rémi ne m’a rien raconté de tout ça. Il m’a

447 2292 1680 103 seulement dit que le voyage avait été pénible.

571 2395 1050 98 — Vous avez vu la bagnole?

533 2490 1745 109 — Il s’est bien gardé de me la montrer. J’ai

444 2603 1622 100 seulement eu un coup de téléphone d’Odile.

517 2708 1268 89 Clotaire hausse un sourcil étonné.

526 2792 404 116 — Odile?

526 2907 1161 112 — La femme de Pierre-Henry.

535 3019 883 101 — Vous la connaissez?

519 3111 1755 106 — C’est... c’était une amie à moi, rectifie Luna.

528 3234 1360 96 — Et son mari, vous le connaissez?

561 3337 1709 103 — C’est par moi que Rémi a connu le couple.

432 3438 1840 105 J’ignorais que Pierre-Henry venait d’acheter cette

442 3548 1828 121 jeep. Je sais combien il bichonne ses autos, je ne

2153 3725 121 89 141
