2977 4210
769 558 895 106 très gentil, parce que...

863 438 1773 123 – Je vous jure, je ne le ferai plus. Je serai gentil,

867 649 358 105 – Oui ?

882 762 1540 105 — Parce que vous êtes très jolie et que...

924 865 1231 107 — De qui te moques-tu? Et que ?

861 972 650 108 Le gamin rougit.

860 1084 1046 94 – Rien. Je me moque pas.

858 1181 1124 100 Il reprit une expression butée.

860 1277 1769 101 – Je veux rentrer chez moi, dit-il d’un ton pleur¬

769 1386 340 94 nichard.

877 1480 685 112 — Tu y rentreras.

863 1578 888 106 — Menteuse ! cria-t-il.

858 1695 1765 105 Il la menaçait de son poing armé d’un crayon.

774 1798 716 103 Elle ne s’émut pas.

867 1908 1758 98 – Tu rentreras chez toi, Philippe, mais pas tout

774 1999 333 101 de suite.

865 2102 911 103 Il la regarda sarcastique.

877 2203 1421 103 — Quand j’irai mieux, hein, c’est ça?

919 2303 1407 101 — Elle est très fatiguée, ta grand-mère.

865 2402 1744 102 La lueur ironique s’effaça de l’œil du gamin.

905 2504 1699 99 — Je n’ai pas eu d’chez-moi, dit-il d’une voix

788 2600 1821 106 geignarde. Mon père, il était toujours à dache et ma

781 2703 1823 101 mère, elle passait le temps dans les avions. Une

786 2804 1811 91 fois, elle m’a même oublié dans un aéroport. Elle...

784 2907 1114 100 elle ne pensait qu’à ses jules...

926 3007 1667 101 — Et toi, tu veux quand même partir... Tu es

784 3101 402 96 si mal ici?

894 3208 1706 106 – Je veux rentrer chez ma grand-mère... Il n’y a

784 3318 929 99 qu’elle qui me comprend.

877 3410 1720 103 — Plutôt minable comme argument, fit Luna

779 3524 786 94 avec une petite moue.

781 3700 87 84 72
