2977 4210
940 439 866 96 — Luna, c est pour toi.

1013 528 243 110 – Qui ?

894 631 1776 103 La fille coula vers Luna le regard malveillant

807 746 985 96 de ses petits yeux porcins.

908 839 1413 103 — Devine... Qu’est-ce qui se passe?

938 940 1119 98 – Rien. Un petit malentendu.

894 1043 1769 103 La psy qui n’aimait pas trop cette infirmière ne

807 1146 1851 95 souhaitait pas lui livrer des détails. La fille ricana,

800 1248 1851 94 contente de soi. La laissant à ses certitudes, la psy

802 1349 1856 103 lui confia Philippe et passa dans la pièce voisine

800 1447 1851 94 dont elle referma la porte. Sur le bureau de l’infir¬

802 1550 1854 94 mière, le combiné de l’appareil l’attendait, décroché.

887 1655 1769 92 Comme Luna pouvait le prévoir, c’était Rémi

802 1761 1854 98 dont elle s’inquiétait. N’ayant pas eu la moindre

800 1859 1849 103 nouvelle de lui depuis quinze jours, elle avait télé¬

805 1962 1844 103 phoné partout en recommandant à ses interlocuteurs

802 2065 1847 89 d’être discrets sur cette démarche. Mais malgré tous

807 2168 1844 89 ses efforts, dans le cercle de leurs relations comme

807 2268 1842 89 ailleurs, le jeune homme était resté introuvable.

887 2568 1760 105 Et voilà, pense à présent Luna, c’est ici que Rémi

800 2673 1851 91 entre dans l’histoire... Que fait donc Clotaire? En

798 2778 1844 98 regardant par la fenêtre elle constate que la neige

800 2881 1847 89 s’est mise à tomber. Les flocons sont énormes. En

798 2986 1849 91 moins d’une demi-heure, tout est couvert, effacé,

800 3084 1842 103 il n’y a plus de monde, plus de bruit, plus rien...

879 3187 1765 92 Luna a envie de vomir. Elle est chez elle, dans

791 3290 1858 94 un endroit douillet encombré de bouquins. Il y en

793 3403 1856 98 a partout, entassés sur le plancher ou rangés sur

791 3503 1853 105 des planches de sapin brut posées sur des briques

795 3690 84 87 76
