2977 4210
716 528 1888 91 morts de trouille à l’idée de ce qu’il allait encore

718 640 344 82 lnVenter.

798 739 1809 86 On est repartis sur la route et on a traversé une

718 842 1889 102 petite bourgade perdue au fond de la Mayenne.

716 944 1898 92 Quelques fenêtres étaient encore allumées mais la

716 1050 1898 103 plupart des volets fermés. A l’angle d’une rue, un

713 1153 1901 95 débit de boissons était ouvert. Rémi a coupé le

716 1263 1895 93 contact, on est descendus et on s’est dirigés vers

716 1363 1895 98 ce bistrot qui était sur le point de fermer. Les

718 1468 1900 87 chaises étaient déjà sur les tables et un balai posé

720 1574 1898 84 contre le comptoir, à côté d’un tas de sciure, de

718 1672 1896 117 clopes et de papiers gras. Rémi a demandé poli¬

720 1786 1589 82 ment si on pouvait boire un coup vite fait.

868 1885 1741 98 Vite fait, a répondu le patron, mais au bar...

725 1985 1388 105 Qu’est-ce qu’ils veulent, les jeunes?

833 2090 1795 99 — Deux demis et un Coca, à répondu Rémi

725 2193 344 96 très vite.

814 2299 1811 91 Nous nous sommes accoudés au comptoir et Phi¬

725 2402 1903 102 lippe nous a tourné le dos pour inspecter la salle.

727 2509 1908 98 Il n’y avait que des gens du coin. Ils étaient en

723 2614 1912 87 conversation à notre entrée mais, à présent, ils nous

727 2720 1912 86 regardaient des pieds à la tête, parlant entre eux à

734 2825 1910 84 voix basse, en rigolant et se poussant du coude. Je

730 2921 1912 93 n’étais pas à l’aise. Pas rasé, sale, avec ma gueule de

732 3026 1912 91 Black. Et on pouvait dire que Rémi faisait encore

730 3131 1914 91 moins net. Pour combler le tout, Philippe s’est

732 3234 1872 101 remis à déconner. “M’sieu, zavez pas une paille?

828 3339 1821 101 Le patron l’a regardé, abasourdi: “Boire avec

739 3452 1695 98 une paille, c'’est pas le genre qu’on a par ici.

833 3550 1821 86 Le môme a commencé à râler à mi-voix. Nous

734 3655 1920 101 nous sommes jeté un regard en nous hâtant de

737 3831 142 86 166
