2977 4210
1366 977 819 89 MAUXD’ENEANTS

1198 1080 1158 101 SOUVENIRS D’EN FRANCE

2075 1393 663 103 K7H 7-face A

809 1571 1926 103 (A noter que sur les K7 n° 4, 5 et 6ne sont enre¬

805 1679 1926 100 gistrés que des bruits de mer et divers cris d’ani¬

802 1800 576 75 maux marins.)

887 2065 1844 98 Le car était à moitié rempli par des habitants du

791 2165 1940 101 cru. La plupart des ploucs avaient des cabas à la

793 2268 1931 103 main, remplis de victuailles diverses. C’était jour de

793 2376 1926 86 marché au bourg voisin. J’ai rejoint Cloclo et Fro¬

788 2476 1933 99 mage blanc qui s’étaient installés au fond du car. Ces

793 2582 1924 100 salauds-là m’ont laissé traîner ma plus grosse valise.

791 2685 1926 100 Boule de neige avait gardé l’autre avec lui. Ça schlin¬

795 2792 1922 103 guait là-dedans pire que dans un camion de bestiaux.

879 2890 520 92 Je demande:

968 2993 852 101 —Qui c’est qu’a chié?

875 3101 1168 100 Cul noir m’attrape par le bras.

945 3204 1446 89 — Personne. Maintenant, tu la fermes.

875 3309 1837 94 Il attrape ma valise et la pose sur l’autre, sur la

779 3412 1926 98 banquette arrière. Je suis conscient de me donner

777 3520 1029 98 en spectacle; J’en rajoute:

898 3620 1599 103 – D’accord, mais je me mets où je veux.

765 3796 147 91 252
