2977 4210
683 472 1811 98 d’autant moins envie d’engager la conversation

760 362 1730 112 C’est de la pure jalousie. Je ne réponds pas. J’ai

685 573 1807 112 que je veux entendre ce qui se dit dans la pièce à

683 678 1804 98 côté. Au bout d’un moment, voyant que je conti¬

683 778 1811 101 nue à dessiner peinard, Christine se lasse. Elle va

685 884 1809 110 regarder à la fenêtre. Moi, je fais glisser tout mon

688 994 1799 102 bataclan sur la table et je me rapproche sournoise¬

685 1103 1049 96 ment de la porte pour écouter.

767 1197 1725 105 J’entends la voix de Luna: “Tu n’as pas oublié

688 1307 990 103 que le quinze, c’est bientôt!“

765 1408 1725 105 Le quinze, c’est le jour où je dois partir en Bre¬

688 1515 1802 101 tagne. Il y a un silence puis, de nouveau, Luna:

711 1620 1776 103 ”Je compte sur toi, tu sais qu’on ne peut pas chan¬

697 1723 395 101 ger la date.“

765 1824 1130 91 On entend des cris à l’extérieur.

823 1927 876 103 — C’est pas bientôt fini?

767 2034 1734 89 Christine vient d’ouvrir la fenêtre. On entend

690 2137 1385 91 redoubler les rugissements des débiles.

788 2245 1706 98 — Petits salopards, vous voulez que je vous

692 2350 1802 87 aide! Elle a un regard vers moi: Toi, tu restes tran¬

688 2446 447 110 quille, hein!

767 2556 1737 103 Je ne la regarde même pas. Elle enregistre que je

690 2663 1809 94 suis absorbé par mon dessin, pivote et sort comme

690 2766 1816 103 une folle. Je m’approche aussitôt de la porte et

692 2874 1809 91 l’entrouvre sans faire de bruit. J’aperçois le profil

685 2977 1819 105 de Luna qui se découpe dans un rayon de soleil.

812 3077 1687 115 “Tu as besoin de me parler? On ne le dirait pas!

690 3190 1460 105 Qu’est-ce qui se passe? Des emmerdes ?“

765 3300 1741 107 La psy sort de mon champ de vision. Je pousse

685 3398 1823 107 davantage le battant. Luna va et vient, le téléphone à

688 3510 1816 103 la main. Elle a du mal à cacher son énervement.

683 3690 94 101 80
