2977 4210
877 493 1030 103 — Encore un peu de rhum?

793 608 1009 98 Clotaire avança son verre.

699 823 197 91 bon.

828 713 1783 107 – Il y a longtemps que je n’en ai pas bu d’aussi

784 935 1825 103 En le resservant, la psy le dévisageait amusée.

805 1040 1797 106 — C’est réellement ce que vous avez pensé?

688 1150 1076 91 demanda-t-elle avec malice.

779 1258 1821 107 — Que Rémi ne pouvait considérer qu’on puisse

685 1365 1140 106 travailler par goût? Bien sûr!

851 1475 1248 101 — Et ce que vous pensez encore?

765 1581 1142 105 L’Antillais acquiesça, surpris.

840 1684 472 100 — Pas vous ?

769 1791 1812 105 — Au risque de vous décevoir, mon cher, je

664 1899 1912 107 pense que ce salaud-là est infiniment plus pervers.

744 2006 1835 91 Clotaire en convint. Questionné habilement par

655 2119 1919 93 Luna qui paraissait ne pas s’en tracasser outre

652 2217 1915 91 mesure, il lui avoua que Rémi avait une autre fille

652 2324 459 92 dans sa vie.

737 2423 905 93 Elle haussa les épaules.

751 2528 1271 103 —Des nanas, il en a des flopées.

800 2635 1233 103 — C’est tout ce que ça vous fait?

777 2741 1769 105 — C’est heureux pour moi. La charge est

629 2848 1910 94 moins lourde à porter... Allez, Clotaire, racontez-

624 2954 1917 102 moi. Donc, il vous a emmené chez lui... Chez

627 3059 950 105 laquelle de ses fiancées?

800 3155 541 112 — Chez Chloé.

702 3272 751 96 Et Clotaire raconta.

608 3891 37 92 94
