2977 4210
795 465 1793 101 — Arrête-toi donc, faut remettre de l’eau et de

671 563 302 115 l’huile.

767 682 1819 103 — Dis donc, elle consomme plus d’eau que

669 792 1919 92 d’essence! C’est la troisième fois qu’on en remet

669 898 618 107 depuis Barbès!

758 1008 1828 105 Rémi se gara sur un trottoir, non loin d’une

664 1117 1922 96 cabine té léphonique, et considéra l’environnement

671 1232 1187 98 pavillonnaire qui les entourait.

781 1330 698 108 — Où j’en étais?

842 1440 1737 106 — Au retour, répondit Clotaire. On ramasse

667 1550 739 105 deux stoppeuses...

755 1653 1819 103 Il jura car il venait de se brûler en ouvrant le

667 1763 1277 89 capot et Rémi, rêveur, enchaîna:

812 1859 1757 108 — Oui, des blondes. Pas farouches. On les

664 1967 1535 102 emmène à la mer. J’te dis pas la nouba!

779 2069 1786 103 – Avec mille balles, on n’ira pas loin, dit Clo¬

671 2175 969 103 taire d’une voix paisible.

767 2273 1798 107 – Ce serait pas plutôt toi qui serais négatif,

667 2383 557 84 comme mec?

762 2479 1805 91 Ils éclatèrent tous les deux de rire puis, tandis

674 2579 1888 106 que Rémi se dirigeait vers la cabine téléphonique,

674 2682 1891 98 Clotaire prit dans le foutoir qui encombrait le coffre

678 2780 1889 94 deux bouteilles d’eau qu’il vida dans le circuit de

678 2883 1133 94 refroidissement bouillonnant.

772 2984 1793 93 Finalement, Rémi l’avait bel et bien convaincu.

688 3082 1872 105 Un voyage au bout de la folie. Mille balles en prime.

690 3187 1868 89 Deux jours à s’éclater, une bonne bouffe plus, pour¬

690 3286 1870 103 quoi pas?, le rêve sur grand écran son THX, deux

692 3384 1543 98 auto-stoppeuses blondes comme les blés.

779 3482 1776 98 Clotaire referma le capot, rangea ses bouteilles

697 3578 1856 98 vides et revint prendre place dans la voiture. Rémi

690 3749 140 98 110
