<?xml version="1.0" encoding="UTF-8"?>
<alto xmlns:xsi="http://www.w3.org/2001/XMLSchema-instance"
      xmlns="http://www.loc.gov/standards/alto/ns-v4#"
      xsi:schemaLocation="http://www.loc.gov/standards/alto/ns-v4# http://www.loc.gov/standards/alto/v4/alto-4-2.xsd">
  <Description>
    <MeasurementUnit>pixel</MeasurementUnit>
    <sourceImageInformation>
      <fileName>page_00185.png</fileName>
      
    </sourceImageInformation>
  </Description>
  
  <Tags>
    <OtherTag ID="BT10605" LABEL="MainZone" DESCRIPTION="block type MainZone"/><OtherTag ID="BT10606" LABEL="NumberingZone" DESCRIPTION="block type NumberingZone"/><OtherTag ID="BT10607" LABEL="RunningTitleZone" DESCRIPTION="block type RunningTitleZone"/><OtherTag ID="BT10608" LABEL="QuireMarksZone" DESCRIPTION="block type QuireMarksZone"/><OtherTag ID="BT10609" LABEL="CustomZone" DESCRIPTION="block type CustomZone"/>
    <OtherTag ID="LT4159" LABEL="DefaultLine" DESCRIPTION="line type DefaultLine"/><OtherTag ID="LT4160" LABEL="HeadingLine" DESCRIPTION="line type HeadingLine"/><OtherTag ID="LT4161" LABEL="default" DESCRIPTION="line type default"/>
  </Tags>
  
  <Layout>
    <Page WIDTH="2977"
          HEIGHT="4210"
          PHYSICAL_IMG_NR="182"
          ID="eSc_dummypage_">
      <PrintSpace HPOS="0"
                  VPOS="0"
                  WIDTH="2977"
                  HEIGHT="4210">
        
        <TextBlock HPOS="430.23114013671875"
                   VPOS="400.5900573730469"
                   WIDTH="1976.7007446289062"
                   HEIGHT="3251.523468017578"
                   ID="block_0"
                   TAGREFS="BT10605">
          <Shape><Polygon POINTS="430.231 400.59 2406.93 400.59 2406.93 3652.11 430.231 3652.11 430.231 400.59"/></Shape>
          
          
          <TextLine ID="eSc_line_b1c762c3"
                    TAGREFS="LT4161"
                    BASELINE="498 512 2370 516" 
                    HPOS="496"
                    VPOS="449"
                    WIDTH="1874"
                    HEIGHT="95">
            <Shape><Polygon POINTS="2368 479 2354 463 2272 451 2270 451 1366 460 1350 449 1348 449 1345 449 1343 449 1341 449 1289 460 943 449 940 449 938 449 936 449 919 463 802 463 718 449 716 449 713 449 711 449 695 463 507 463 498 474 498 512 496 526 606 540 608 540 692 530 709 542 711 542 713 542 716 544 1156 544 1156 542 1158 542 1160 542 1177 530 1179 530 1200 530 1352 542 1355 542 1518 533 1542 533 1544 533 1558 544 1561 544 1563 544 1565 544 1664 535 1687 533 2366 537 2370 516 2368 479 2368 479"/></Shape>
	    <String CONTENT="vous dis ça, Luna, c’est pour que vous compreniez,"
                    HPOS="496"
                    VPOS="449"
                    WIDTH="1874"
                    HEIGHT="95"
                    WC="0.9962842663129171"></String>
          </TextLine>

          
          
          <TextLine ID="eSc_line_f8f33332"
                    TAGREFS="LT4161"
                    BASELINE="491 617 2377 617" 
                    HPOS="491"
                    VPOS="551"
                    WIDTH="1886"
                    HEIGHT="96">
            <Shape><Polygon POINTS="491 617 491 633 861 647 863 647 2377 633 2377 617 2377 566 2328 551 2326 551 2324 551 2263 563 2195 551 2192 551 2190 551 2188 551 2167 566 1977 551 1975 551 1902 568 858 568 819 551 816 551 814 551 812 551 758 566 638 551 636 551 634 551 631 551 610 568 491 568 491 617"/></Shape>
	    <String CONTENT="ma lunatique, pourquoi pour moi, au milieu de la"
                    HPOS="491"
                    VPOS="551"
                    WIDTH="1886"
                    HEIGHT="96"
                    WC="0.9780217806498209"></String>
          </TextLine>

          
          
          <TextLine ID="eSc_line_b2c09246"
                    TAGREFS="LT4161"
                    BASELINE="489 718 2363 713" 
                    HPOS="486"
                    VPOS="654"
                    WIDTH="1877"
                    HEIGHT="96">
            <Shape><Polygon POINTS="486 699 489 718 491 750 526 739 664 748 667 748 2361 734 2363 713 2359 668 1603 668 1509 654 1507 654 1427 668 1420 668 1378 668 854 657 851 657 849 657 847 657 830 668 830 671 657 671 657 668 631 657 629 657 627 657 496 668 486 699"/></Shape>
	    <String CONTENT="1111it, une ferme en feu c’est beau comme une pri¬"
                    HPOS="486"
                    VPOS="654"
                    WIDTH="1877"
                    HEIGHT="96"
                    WC="0.9840460693836213"></String>
          </TextLine>

          
          
          <TextLine ID="eSc_line_d83d0bca"
                    TAGREFS="LT4161"
                    BASELINE="496 818 1013 823" 
                    HPOS="493"
                    VPOS="753"
                    WIDTH="520"
                    HEIGHT="98">
            <Shape><Polygon POINTS="496 797 496 818 493 832 582 849 585 849 587 849 634 837 648 849 648 851 650 851 652 851 655 851 1011 837 1013 823 1013 778 945 753 943 753 879 753 877 753 875 753 833 771 788 753 786 753 784 753 781 753 779 753 779 755 762 771 500 771 496 797"/></Shape>
	    <String CONTENT="on qui brûle."
                    HPOS="493"
                    VPOS="753"
                    WIDTH="520"
                    HEIGHT="98"
                    WC="0.9650158541543143"></String>
          </TextLine>

          
          
          <TextLine ID="eSc_line_25b1b579"
                    TAGREFS="LT4161"
                    BASELINE="568 1134 2366 1129" 
                    HPOS="566"
                    VPOS="1064"
                    WIDTH="1800"
                    HEIGHT="84">
            <Shape><Polygon POINTS="2274 1073 2251 1073 2228 1073 2204 1071 2197 1071 2171 1080 2171 1082 2033 1082 2033 1080 2008 1068 1994 1068 1975 1068 1940 1080 1937 1080 1902 1066 1900 1066 1881 1066 1834 1080 1830 1080 1706 1080 1652 1080 1633 1064 1631 1064 1628 1064 1626 1064 1551 1080 1542 1080 1525 1080 1401 1066 1399 1066 1397 1066 1394 1066 1378 1078 1371 1082 1298 1078 1085 1066 1083 1066 1008 1078 975 1085 894 1085 887 1078 872 1066 870 1066 868 1066 865 1066 765 1078 713 1082 683 1078 624 1066 622 1066 566 1075 568 1134 568 1148 2363 1143 2366 1129 2361 1082 2277 1073 2274 1073"/></Shape>
	    <String CONTENT="La nuit s’entrouvre, les phares de la voiture"
                    HPOS="566"
                    VPOS="1064"
                    WIDTH="1800"
                    HEIGHT="84"
                    WC="0.9838286532296074"></String>
          </TextLine>

          
          
          <TextLine ID="eSc_line_6d55817e"
                    TAGREFS="LT4161"
                    BASELINE="479 1230 2366 1234" 
                    HPOS="477"
                    VPOS="1174"
                    WIDTH="1889"
                    HEIGHT="86">
            <Shape><Polygon POINTS="479 1230 477 1241 545 1258 547 1260 788 1260 788 1258 791 1258 793 1258 807 1246 849 1258 851 1258 854 1258 2363 1246 2366 1234 2363 1181 479 1174 479 1230"/></Shape>
	    <String CONTENT="balaient une pancarte de bienvenue. On vient"
                    HPOS="477"
                    VPOS="1174"
                    WIDTH="1889"
                    HEIGHT="86"
                    WC="0.9944621148434553"></String>
          </TextLine>

          
          
          <TextLine ID="eSc_line_93b650d4"
                    TAGREFS="LT4161"
                    BASELINE="477 1333 1486 1337" 
                    HPOS="475"
                    VPOS="1263"
                    WIDTH="1011"
                    HEIGHT="88">
            <Shape><Polygon POINTS="477 1333 475 1347 1481 1351 1486 1337 1483 1288 1362 1286 1341 1267 1341 1265 1338 1265 1336 1265 1238 1265 1235 1265 1233 1265 1231 1265 1202 1284 1174 1265 1172 1265 1170 1265 1167 1265 1165 1265 1125 1279 1083 1265 1081 1265 1078 1265 1076 1265 1074 1265 1053 1284 997 1265 994 1265 992 1265 989 1265 933 1284 870 1281 854 1265 854 1263 851 1263 849 1263 847 1263 844 1263 802 1284 798 1284 662 1270 659 1270 582 1284 580 1284 578 1284 559 1265 559 1263 557 1263 554 1263 552 1263 549 1263 477 1281 477 1333"/></Shape>
	    <String CONTENT="(1’entrer dans le Morbihan."
                    HPOS="475"
                    VPOS="1263"
                    WIDTH="1011"
                    HEIGHT="88"
                    WC="0.9844479097260369"></String>
          </TextLine>

          
          
          <TextLine ID="eSc_line_ebc062da"
                    TAGREFS="LT4161"
                    BASELINE="568 1438 1788 1438" 
                    HPOS="568"
                    VPOS="1372"
                    WIDTH="1220"
                    HEIGHT="85">
            <Shape><Polygon POINTS="568 1438 568 1457 1788 1457 1788 1438 1788 1391 1706 1372 1703 1372 1701 1372 1657 1389 1654 1391 1554 1391 1549 1389 1518 1372 1516 1372 1514 1372 1511 1372 1467 1389 1465 1389 1458 1389 1415 1372 1413 1372 1411 1372 1315 1386 1291 1391 915 1391 903 1384 882 1372 879 1372 877 1372 875 1372 844 1382 826 1389 802 1382 767 1372 765 1372 762 1372 711 1382 685 1386 667 1382 636 1372 634 1372 631 1372 568 1379 568 1438"/></Shape>
	    <String CONTENT="Boule de neige consulte la carte."
                    HPOS="568"
                    VPOS="1372"
                    WIDTH="1220"
                    HEIGHT="85"
                    WC="0.9479351802305742"></String>
          </TextLine>

          
          
          <TextLine ID="eSc_line_0cb8959a"
                    TAGREFS="LT4161"
                    BASELINE="575 1538 2359 1543" 
                    HPOS="573"
                    VPOS="1473"
                    WIDTH="1786"
                    HEIGHT="98">
            <Shape><Polygon POINTS="575 1538 573 1550 695 1553 713 1569 716 1569 718 1569 720 1569 837 1555 870 1567 872 1567 875 1567 1366 1555 1825 1571 1827 1571 1830 1571 1872 1557 2017 1571 2019 1571 2356 1555 2359 1543 2359 1489 2333 1475 2331 1475 2328 1475 2326 1475 2324 1475 2286 1489 2047 1482 2045 1482 2043 1482 2015 1492 1998 1496 1970 1492 1914 1482 1912 1482 1860 1492 1834 1496 1628 1494 1628 1492 1607 1475 1605 1475 1603 1475 1600 1475 1598 1475 1542 1489 1523 1475 1521 1475 1518 1475 1516 1475 1514 1475 1511 1475 1495 1489 1397 1492 1331 1494 1324 1492 1263 1473 1261 1473 1259 1473 1256 1473 1209 1492 1205 1494 1191 1492 1078 1473 1076 1473 1074 1473 1015 1492 1011 1494 1008 1492 987 1475 985 1475 982 1475 980 1475 978 1475 940 1492 879 1473 877 1473 875 1473 872 1473 830 1492 828 1494 826 1492 795 1473 793 1473 791 1473 734 1473 732 1473 730 1473 727 1473 702 1492 699 1494 575 1494 575 1538"/></Shape>
	    <String CONTENT="– Ca fait plus de cent bornes, on pourrait"
                    HPOS="573"
                    VPOS="1473"
                    WIDTH="1786"
                    HEIGHT="98"
                    WC="0.988629998195739"></String>
          </TextLine>

          
          
          <TextLine ID="eSc_line_fd70cd29"
                    TAGREFS="LT4161"
                    BASELINE="472 1639 2352 1644" 
                    HPOS="470"
                    VPOS="1576"
                    WIDTH="1882"
                    HEIGHT="84">
            <Shape><Polygon POINTS="472 1639 470 1655 2347 1660 2352 1644 2349 1597 1855 1578 1853 1578 1851 1578 1802 1595 1799 1595 1790 1595 1642 1578 1640 1578 1638 1578 1635 1578 1614 1595 1612 1597 1563 1597 1551 1595 1458 1578 1455 1578 1453 1578 1415 1595 1411 1595 1350 1592 1298 1592 1268 1576 1266 1576 1263 1576 1050 1592 1041 1592 1039 1592 992 1576 989 1576 987 1576 985 1576 933 1592 931 1592 472 1592 472 1639"/></Shape>
	    <String CONTENT="commencer à souffler... Les flics doivent nous"
                    HPOS="470"
                    VPOS="1576"
                    WIDTH="1882"
                    HEIGHT="84"
                    WC="0.9688245108787049"></String>
          </TextLine>

          
          
          <TextLine ID="eSc_line_dcf7e09f"
                    TAGREFS="LT4161"
                    BASELINE="472 1744 1123 1744" 
                    HPOS="472"
                    VPOS="1676"
                    WIDTH="651"
                    HEIGHT="89">
            <Shape><Polygon POINTS="472 1744 472 1765 1123 1765 1123 1744 1123 1700 865 1676 863 1676 861 1676 819 1700 727 1700 681 1676 678 1676 676 1676 674 1676 671 1676 671 1679 657 1693 568 1698 526 1676 524 1676 521 1676 519 1676 472 1698 472 1744"/></Shape>
	    <String CONTENT="hercher ailleurs."
                    HPOS="472"
                    VPOS="1676"
                    WIDTH="651"
                    HEIGHT="89"
                    WC="0.9868700013441198"></String>
          </TextLine>

          
          
          <TextLine ID="eSc_line_65388795"
                    TAGREFS="LT4161"
                    BASELINE="557 1850 2342 1850" 
                    HPOS="557"
                    VPOS="1779"
                    WIDTH="1785"
                    HEIGHT="101">
            <Shape><Polygon POINTS="557 1850 557 1868 1109 1868 1139 1880 1142 1880 1144 1880 1219 1868 1799 1880 1802 1880 2342 1866 2342 1850 2342 1798 2249 1798 2214 1779 2211 1779 2209 1779 2207 1779 2157 1796 1923 1779 1921 1779 1919 1779 1916 1779 1895 1798 1661 1798 1628 1779 1626 1779 1565 1779 1563 1779 1561 1779 1558 1779 1537 1796 1509 1779 1507 1779 1504 1779 1502 1779 1453 1793 1380 1779 1378 1779 1376 1779 1345 1793 1259 1779 1256 1779 1254 1779 1252 1779 1228 1798 997 1798 936 1779 933 1779 931 1779 929 1779 926 1779 908 1796 872 1784 870 1784 868 1784 674 1796 580 1779 578 1779 575 1779 573 1779 557 1791 557 1850"/></Shape>
	    <String CONTENT="J’ai senti le coup d’œil de Fromage blanc dans"
                    HPOS="557"
                    VPOS="1779"
                    WIDTH="1785"
                    HEIGHT="101"
                    WC="0.9781586618527122"></String>
          </TextLine>

          
          
          <TextLine ID="eSc_line_3a94e308"
                    TAGREFS="LT4161"
                    BASELINE="475 1945 1633 1955" 
                    HPOS="472"
                    VPOS="1882"
                    WIDTH="1161"
                    HEIGHT="101">
            <Shape><Polygon POINTS="475 1945 472 1964 1408 1983 1411 1983 1631 1971 1633 1955 1633 1908 1518 1892 1516 1892 1364 1903 1329 1887 1327 1887 1324 1887 926 1901 903 1901 901 1901 884 1887 884 1885 882 1885 879 1885 877 1885 875 1885 872 1885 872 1887 858 1901 842 1901 798 1901 784 1901 674 1882 671 1882 669 1882 627 1899 624 1899 475 1899 475 1945"/></Shape>
	    <String CONTENT="sOn rétro et j’ai fermé les yeux."
                    HPOS="472"
                    VPOS="1882"
                    WIDTH="1161"
                    HEIGHT="101"
                    WC="0.9772087744304112"></String>
          </TextLine>

          
          
          <TextLine ID="eSc_line_1c2ca158"
                    TAGREFS="LT4161"
                    BASELINE="601 2051 1528 2055" 
                    HPOS="599"
                    VPOS="1981"
                    WIDTH="929"
                    HEIGHT="102">
            <Shape><Polygon POINTS="601 2051 599 2062 1064 2083 1067 2083 1069 2083 1095 2072 1336 2083 1338 2083 1525 2067 1528 2055 1525 1983 1495 1983 1493 1983 1490 1983 1488 1983 1488 1985 1467 2004 1429 1983 1427 1983 1425 1983 1422 1983 1390 1985 1177 2004 1163 1990 1156 1985 1156 1983 1153 1983 1151 1983 1109 1983 1107 1983 1104 1983 1102 1983 1088 1992 1064 2006 1048 1995 1046 1995 1043 1995 1041 1995 954 1997 952 1995 938 1983 938 1981 936 1981 933 1981 931 1981 929 1981 896 1997 891 1999 762 2004 758 1999 739 1983 739 1981 737 1981 734 1981 706 1981 704 1981 702 1981 699 1981 699 1983 681 2002 676 2004 601 2004 601 2051"/></Shape>
	    <String CONTENT="— Le môme, il roupille ?"
                    HPOS="599"
                    VPOS="1981"
                    WIDTH="929"
                    HEIGHT="102"
                    WC="0.9915909028053284"></String>
          </TextLine>

          
          
          <TextLine ID="eSc_line_98127da4"
                    TAGREFS="LT4161"
                    BASELINE="552 2158 1874 2156" 
                    HPOS="549"
                    VPOS="2093"
                    WIDTH="1325"
                    HEIGHT="96">
            <Shape><Polygon POINTS="552 2158 552 2175 819 2189 821 2189 823 2189 849 2175 854 2175 1156 2175 1172 2175 1378 2189 1380 2189 1383 2189 1385 2189 1385 2186 1397 2175 1523 2175 1565 2175 1568 2175 1657 2189 1659 2189 1872 2172 1874 2156 1869 2107 1781 2093 1778 2093 1275 2105 1090 2093 1088 2093 777 2105 727 2093 725 2093 723 2093 617 2105 559 2093 557 2093 554 2093 552 2093 552 2095 549 2095 552 2158"/></Shape>
	    <String CONTENT="Le nègre se retourne pour regarder."
                    HPOS="549"
                    VPOS="2093"
                    WIDTH="1325"
                    HEIGHT="96"
                    WC="0.9882160226504008"></String>
          </TextLine>

          
          
          <TextLine ID="eSc_line_f26d0194"
                    TAGREFS="LT4161"
                    BASELINE="613 2254 2087 2261" 
                    HPOS="610"
                    VPOS="2189"
                    WIDTH="1477"
                    HEIGHT="100">
            <Shape><Polygon POINTS="613 2254 610 2268 723 2285 725 2285 1146 2275 1158 2285 1158 2287 1160 2287 1163 2287 1165 2287 1256 2275 1282 2287 1284 2287 1287 2287 1289 2287 1329 2275 1551 2275 1757 2289 1759 2289 2085 2275 2087 2261 2087 2214 2026 2193 2024 2193 2022 2193 2019 2193 1968 2210 1752 2212 1680 2212 1668 2212 1582 2200 1579 2200 1373 2205 1350 2191 1348 2191 1345 2191 1343 2191 1261 2210 1256 2210 1228 2191 1226 2191 1224 2191 1177 2191 1174 2191 1172 2191 1170 2191 1170 2193 1151 2210 1107 2189 1104 2189 1102 2189 1099 2189 1060 2207 1029 2191 1027 2191 1025 2191 1022 2191 980 2207 912 2189 910 2189 865 2189 863 2189 861 2189 858 2189 858 2191 840 2207 760 2189 718 2189 716 2189 713 2189 711 2189 711 2191 695 2207 692 2207 613 2207 613 2254"/></Shape>
	    <String CONTENT="— On dirait, il dit d’une voix maussade."
                    HPOS="610"
                    VPOS="2189"
                    WIDTH="1477"
                    HEIGHT="100"
                    WC="0.9845784798264503"></String>
          </TextLine>

          
          
          <TextLine ID="eSc_line_542e503f"
                    TAGREFS="LT4161"
                    BASELINE="549 2362 1607 2362" 
                    HPOS="549"
                    VPOS="2294"
                    WIDTH="1058"
                    HEIGHT="103">
            <Shape><Polygon POINTS="549 2362 549 2380 1266 2380 1355 2395 1357 2397 1539 2397 1539 2395 1607 2378 1607 2362 1607 2315 1341 2315 1334 2310 1303 2294 1301 2294 1298 2294 1296 2294 1256 2310 1252 2313 1245 2310 1214 2294 1212 2294 1209 2294 1207 2294 1158 2308 1144 2313 978 2313 973 2308 961 2296 961 2294 959 2294 957 2294 954 2294 879 2306 835 2313 800 2306 751 2294 695 2294 692 2294 690 2294 688 2294 688 2296 678 2303 669 2315 620 2315 610 2303 601 2296 601 2294 599 2294 596 2294 594 2294 549 2301 549 2362"/></Shape>
	    <String CONTENT="Le Canard se racle la gorge."
                    HPOS="549"
                    VPOS="2294"
                    WIDTH="1058"
                    HEIGHT="103"
                    WC="0.9920273167746407"></String>
          </TextLine>

          
          
          <TextLine ID="eSc_line_b0cb9a6c"
                    TAGREFS="LT4161"
                    BASELINE="606 2460 2335 2467" 
                    HPOS="603"
                    VPOS="2395"
                    WIDTH="1732"
                    HEIGHT="98">
            <Shape><Polygon POINTS="606 2460 603 2474 716 2490 718 2490 1081 2479 1184 2493 1186 2493 2333 2481 2335 2467 2335 2418 2314 2406 2312 2406 2309 2406 2068 2399 2066 2399 1975 2418 1944 2399 1942 2399 1940 2399 1867 2399 1865 2399 1862 2399 1860 2399 1830 2418 1825 2418 1685 2397 1682 2397 1535 2416 1474 2397 1472 2397 1469 2397 1308 2416 1296 2416 805 2416 800 2413 765 2395 762 2395 760 2395 606 2411 606 2460"/></Shape>
	    <String CONTENT="– Tu m’en veux pour le couteau. Tu sais bien"
                    HPOS="603"
                    VPOS="2395"
                    WIDTH="1732"
                    HEIGHT="98"
                    WC="0.9709267616271973"></String>
          </TextLine>

          
          
          <TextLine ID="eSc_line_03a75840"
                    TAGREFS="LT4161"
                    BASELINE="456 2565 1490 2570" 
                    HPOS="454"
                    VPOS="2502"
                    WIDTH="1036"
                    HEIGHT="98">
            <Shape><Polygon POINTS="456 2565 454 2584 475 2598 477 2598 479 2598 482 2598 784 2584 973 2600 975 2600 1099 2586 1207 2598 1209 2598 1488 2584 1490 2570 1488 2526 1207 2504 1205 2504 1125 2523 1121 2523 1118 2523 1095 2511 1092 2511 1090 2511 961 2521 847 2502 802 2502 800 2502 798 2502 795 2502 795 2504 779 2521 741 2507 739 2507 737 2507 734 2507 702 2521 699 2521 456 2521 456 2565"/></Shape>
	    <String CONTENT="que je n’étais pas sérieux..."
                    HPOS="454"
                    VPOS="2502"
                    WIDTH="1036"
                    HEIGHT="98"
                    WC="0.9863172135045452"></String>
          </TextLine>

          
          
          <TextLine ID="eSc_line_db519041"
                    TAGREFS="LT4161"
                    BASELINE="545 2673 2326 2673" 
                    HPOS="545"
                    VPOS="2603"
                    WIDTH="1781"
                    HEIGHT="98">
            <Shape><Polygon POINTS="545 2673 545 2687 1029 2701 1032 2701 1132 2689 1284 2689 1310 2701 1312 2701 1315 2701 2326 2687 2326 2673 2326 2621 2045 2621 2040 2619 2010 2603 2008 2603 2005 2603 1926 2617 1914 2619 1902 2617 1830 2603 1827 2603 1825 2603 1781 2617 1774 2619 1767 2617 1743 2605 1741 2605 1738 2605 1736 2605 1701 2617 1689 2619 1675 2617 1624 2603 1621 2603 1619 2603 1617 2603 1579 2614 1565 2619 1549 2614 1504 2603 1502 2603 1500 2603 1444 2614 1418 2621 1221 2621 1207 2612 1186 2603 1184 2603 1181 2603 1179 2603 1151 2612 1132 2621 898 2621 879 2610 865 2603 863 2603 861 2603 858 2603 835 2610 809 2619 774 2610 744 2603 741 2603 739 2603 737 2603 711 2610 683 2617 545 2610 545 2673"/></Shape>
	    <String CONTENT="Boule de neige le regarde droit dans les veux."
                    HPOS="545"
                    VPOS="2603"
                    WIDTH="1781"
                    HEIGHT="98"
                    WC="0.9800781141156736"></String>
          </TextLine>

          
          
          <TextLine ID="eSc_line_7ca9815f"
                    TAGREFS="LT4161"
                    BASELINE="552 2766 2321 2776" 
                    HPOS="549"
                    VPOS="2701"
                    WIDTH="1772"
                    HEIGHT="98">
            <Shape><Polygon POINTS="552 2766 549 2780 1006 2797 1008 2797 1378 2787 1437 2799 1439 2799 2319 2790 2321 2776 2319 2727 2181 2715 2178 2715 2176 2715 2153 2724 2148 2727 2141 2724 2118 2715 2115 2715 2113 2715 2050 2724 2031 2727 2026 2724 2003 2708 2001 2708 1998 2708 1949 2708 1947 2708 1944 2708 1942 2708 1921 2724 1919 2727 1907 2724 1872 2715 1869 2715 1867 2715 1778 2724 1759 2724 1757 2724 1724 2706 1722 2706 1673 2706 1671 2706 1668 2706 1666 2706 1645 2722 1642 2724 1628 2722 1509 2706 1507 2706 1380 2722 1371 2722 1369 2722 1331 2703 1329 2703 1327 2703 1221 2722 1212 2722 1209 2722 1181 2703 1179 2703 1177 2703 1088 2703 1085 2703 1083 2703 1041 2720 1034 2722 1025 2720 933 2701 931 2701 929 2701 884 2720 861 2706 858 2706 856 2706 854 2706 762 2715 744 2701 741 2701 739 2701 697 2701 695 2701 692 2701 690 2701 669 2720 667 2720 552 2720 552 2766"/></Shape>
	    <String CONTENT="— Peut-être. Mais le môme t’a cru. Je ne suis"
                    HPOS="549"
                    VPOS="2701"
                    WIDTH="1772"
                    HEIGHT="98"
                    WC="0.9856516604727887"></String>
          </TextLine>

          
          
          <TextLine ID="eSc_line_9cb6841d"
                    TAGREFS="LT4161"
                    BASELINE="458 2876 2324 2876" 
                    HPOS="458"
                    VPOS="2811"
                    WIDTH="1866"
                    HEIGHT="98">
            <Shape><Polygon POINTS="458 2876 458 2909 585 2895 753 2895 774 2907 774 2909 777 2909 779 2909 781 2909 805 2907 910 2895 1076 2904 1123 2907 1125 2907 1149 2904 1212 2895 1731 2895 1757 2900 1813 2909 1816 2909 2324 2893 2324 2876 2324 2827 2214 2811 2211 2811 2209 2811 2157 2825 2012 2811 2010 2811 2008 2811 2005 2811 1984 2827 1982 2830 1818 2830 1813 2827 1752 2811 1750 2811 1748 2811 1745 2811 1710 2827 1708 2827 1689 2827 1462 2811 1460 2811 1458 2811 1425 2827 1422 2830 1305 2830 1305 2827 1270 2811 1268 2811 1266 2811 1209 2823 1151 2811 1149 2811 1067 2827 1064 2830 746 2830 744 2827 662 2811 659 2811 657 2811 620 2827 620 2830 458 2830 458 2876"/></Shape>
	    <String CONTENT="pas sûr que ce soit la meilleure façon d’opérer"
                    HPOS="458"
                    VPOS="2811"
                    WIDTH="1866"
                    HEIGHT="98"
                    WC="0.9799291062355041"></String>
          </TextLine>

          
          
          <TextLine ID="eSc_line_467f9c58"
                    TAGREFS="LT4161"
                    BASELINE="451 2977 1233 2984" 
                    HPOS="449"
                    VPOS="2916"
                    WIDTH="784"
                    HEIGHT="98">
            <Shape><Polygon POINTS="451 2977 449 2996 458 3003 461 3003 463 3003 465 3003 645 2993 753 3010 755 3010 1008 2998 1022 3010 1022 3012 1025 3012 1027 3012 1029 3014 1076 3014 1076 3012 1231 2996 1233 2984 1233 2942 1104 2921 1102 2921 1001 2937 959 2916 957 2916 954 2916 777 2923 774 2923 772 2923 760 2935 713 2921 711 2921 709 2921 631 2932 610 2918 608 2918 606 2918 603 2918 451 2932 451 2977"/></Shape>
	    <String CONTENT="avec un gamin qui..."
                    HPOS="449"
                    VPOS="2916"
                    WIDTH="784"
                    HEIGHT="98"
                    WC="0.9919915914535522"></String>
          </TextLine>

          
          
          <TextLine ID="eSc_line_f922455f"
                    TAGREFS="LT4161"
                    BASELINE="535 3084 2319 3080" 
                    HPOS="533"
                    VPOS="3010"
                    WIDTH="1786"
                    HEIGHT="103">
            <Shape><Polygon POINTS="535 3084 535 3099 844 3113 847 3113 849 3113 884 3101 1418 3110 1420 3110 1422 3110 1425 3110 1441 3099 2178 3110 2181 3110 2183 3110 2214 3099 2295 3110 2298 3110 2300 3110 2302 3110 2319 3096 2319 3080 2317 3028 2260 3010 2258 3010 2256 3010 2253 3010 2218 3028 2146 3028 1977 3028 1977 3026 1942 3010 1940 3010 1937 3010 1935 3010 1898 3026 1813 3010 1762 3010 1759 3010 1757 3010 1755 3010 1736 3026 1694 3010 1692 3010 1689 3010 1687 3010 1642 3026 1640 3026 1635 3026 1563 3010 1561 3010 1476 3026 1467 3026 1458 3026 1378 3012 1376 3012 1373 3012 1348 3026 1341 3028 1319 3026 1254 3012 1252 3012 1249 3012 1209 3024 1193 3031 1029 3031 1018 3024 992 3012 989 3012 912 3012 910 3012 908 3012 905 3012 891 3024 884 3028 641 3028 631 3024 610 3012 608 3012 606 3012 533 3021 535 3084"/></Shape>
	    <String CONTENT="Fromage blanc ralentit afin de lire le nom du"
                    HPOS="533"
                    VPOS="3010"
                    WIDTH="1786"
                    HEIGHT="103"
                    WC="0.9827363769213359"></String>
          </TextLine>

          
          
          <TextLine ID="eSc_line_f86f2f53"
                    TAGREFS="LT4161"
                    BASELINE="451 3185 1427 3183" 
                    HPOS="449"
                    VPOS="3120"
                    WIDTH="978"
                    HEIGHT="98">
            <Shape><Polygon POINTS="451 3185 451 3201 659 3215 662 3215 664 3215 713 3201 716 3201 727 3213 727 3215 730 3215 732 3215 734 3218 784 3218 784 3215 786 3215 821 3201 823 3201 830 3201 936 3213 938 3213 940 3213 943 3213 957 3201 1022 3213 1025 3213 1027 3213 1057 3201 1083 3213 1085 3213 1088 3213 1179 3201 1181 3201 1383 3213 1385 3213 1387 3213 1427 3199 1427 3183 1422 3136 1085 3120 1083 3120 1081 3120 1078 3120 1078 3122 1064 3136 615 3136 496 3120 493 3120 491 3120 449 3134 451 3185"/></Shape>
	    <String CONTENT="Village qu’on va traverser."
                    HPOS="449"
                    VPOS="3120"
                    WIDTH="978"
                    HEIGHT="98"
                    WC="0.9880233782309072"></String>
          </TextLine>

          
          
          <TextLine ID="eSc_line_d71ec842"
                    TAGREFS="LT4161"
                    BASELINE="542 3281 2317 3288" 
                    HPOS="540"
                    VPOS="3218"
                    WIDTH="1777"
                    HEIGHT="98">
            <Shape><Polygon POINTS="542 3281 540 3295 678 3297 695 3311 697 3311 699 3311 702 3314 917 3314 917 3311 919 3311 922 3311 938 3300 1043 3311 1046 3311 1048 3311 1050 3311 1069 3300 1135 3314 1137 3314 1139 3314 1160 3302 1174 3314 1177 3314 1179 3314 1181 3314 1724 3302 1841 3316 1844 3316 2314 3302 2317 3288 2314 3234 2221 3227 2218 3227 2216 3227 2202 3234 2178 3244 2162 3234 2153 3227 2150 3227 2148 3227 2146 3227 2143 3227 2125 3234 2097 3244 2085 3234 2078 3227 2075 3227 2073 3227 2071 3227 1872 3230 1869 3230 1860 3234 1841 3244 1827 3234 1809 3222 1806 3222 1804 3222 1738 3222 1736 3222 1734 3222 1731 3222 1715 3234 1703 3244 1624 3244 1603 3234 1561 3220 1558 3220 1556 3220 1446 3234 1404 3241 1394 3237 1387 3230 1385 3230 1383 3230 1380 3230 1252 3237 1224 3237 1221 3237 1202 3220 1200 3220 1198 3220 1195 3220 1193 3220 1142 3234 1078 3218 1076 3218 1074 3218 1071 3218 1027 3232 961 3227 959 3227 957 3227 954 3227 940 3237 940 3239 938 3237 915 3220 912 3220 910 3220 908 3220 814 3237 800 3239 786 3237 697 3218 695 3218 692 3218 690 3218 667 3237 664 3239 542 3239 542 3281"/></Shape>
	    <String CONTENT="– On est sur la bonne route... Ce gamin, c’est"
                    HPOS="540"
                    VPOS="3218"
                    WIDTH="1777"
                    HEIGHT="98"
                    WC="0.9891739085964535"></String>
          </TextLine>

          
          
          <TextLine ID="eSc_line_0ef2fabc"
                    TAGREFS="LT4161"
                    BASELINE="439 3393 2312 3389" 
                    HPOS="437"
                    VPOS="3323"
                    WIDTH="1875"
                    HEIGHT="98">
            <Shape><Polygon POINTS="439 3393 439 3421 498 3410 961 3417 1081 3419 1083 3419 2309 3405 2312 3389 2309 3339 2267 3323 2265 3323 2263 3323 2188 3337 1699 3323 1696 3323 1694 3323 1692 3323 1673 3339 1289 3339 1268 3325 1266 3325 1263 3325 1261 3325 1259 3325 1209 3342 957 3342 875 3325 872 3325 870 3325 823 3339 697 3325 695 3325 599 3339 489 3325 486 3325 484 3325 437 3339 439 3393"/></Shape>
	    <String CONTENT="plus qu’un chieur, c’est un pervers. T’as vu la merde"
                    HPOS="437"
                    VPOS="3323"
                    WIDTH="1875"
                    HEIGHT="98"
                    WC="0.9942198823083122"></String>
          </TextLine>

          
          
          <TextLine ID="eSc_line_4013fb3c"
                    TAGREFS="LT4161"
                    BASELINE="437 3489 2312 3494" 
                    HPOS="435"
                    VPOS="3421"
                    WIDTH="1877"
                    HEIGHT="103">
            <Shape><Polygon POINTS="437 3489 435 3505 568 3522 571 3522 573 3522 622 3510 645 3522 648 3522 650 3522 1254 3510 1298 3522 1301 3522 1303 3522 2097 3513 2256 3524 2258 3524 2260 3524 2309 3510 2312 3494 2309 3442 2197 3442 2197 3440 2174 3424 2171 3424 2169 3424 2167 3424 2064 3440 2059 3442 1879 3442 1877 3440 1839 3424 1837 3424 1759 3424 1757 3424 1755 3424 1752 3424 1734 3440 1731 3442 1649 3442 1647 3440 1628 3424 1626 3424 1624 3424 1535 3424 1532 3424 1530 3424 1528 3424 1509 3440 1472 3424 1469 3424 1467 3424 1399 3440 1390 3440 1095 3440 1092 3438 1032 3421 1029 3421 975 3421 973 3421 971 3421 968 3421 950 3438 908 3421 905 3421 903 3421 826 3438 821 3440 709 3440 706 3438 669 3421 667 3421 664 3421 662 3421 624 3438 622 3440 519 3440 517 3438 496 3421 493 3421 491 3421 489 3421 486 3421 437 3435 437 3489"/></Shape>
	    <String CONTENT="dans laquelle il nous a jetés! Les flics au cul, ça"
                    HPOS="435"
                    VPOS="3421"
                    WIDTH="1877"
                    HEIGHT="103"
                    WC="0.988430844162995"></String>
          </TextLine>

          
          
          <TextLine ID="eSc_line_b8dee9f7"
                    TAGREFS="LT4161"
                    BASELINE="439 3599 2040 3594" 
                    HPOS="437"
                    VPOS="3527"
                    WIDTH="1603"
                    HEIGHT="98">
            <Shape><Polygon POINTS="439 3599 439 3615 2022 3625 2024 3625 2026 3625 2029 3625 2040 3613 2040 3594 2031 3527 1987 3543 1928 3543 1907 3527 1905 3527 1902 3527 1900 3527 1898 3527 1893 3529 1853 3541 1811 3529 1802 3527 1799 3527 1797 3527 1795 3527 1785 3529 1755 3541 1703 3531 1689 3529 1687 3529 1673 3531 1628 3541 1591 3531 1568 3527 1565 3527 1563 3527 1561 3527 1558 3527 1551 3534 1542 3543 1493 3543 1483 3534 1476 3527 1474 3527 1472 3527 1387 3527 1385 3527 1298 3536 1233 3543 1125 3538 905 3529 903 3529 901 3529 849 3543 847 3543 842 3543 795 3529 793 3529 791 3529 788 3529 786 3529 769 3543 769 3545 737 3545 479 3545 463 3531 461 3531 458 3531 456 3531 454 3531 451 3531 437 3541 439 3599"/></Shape>
	    <String CONTENT="1amuse, toi? Tu crois qu’il a foutu le feu?"
                    HPOS="437"
                    VPOS="3527"
                    WIDTH="1603"
                    HEIGHT="98"
                    WC="0.9696727173272953"></String>
          </TextLine>

          
        </TextBlock>
        
        <TextBlock HPOS="2178.87646484375"
                   VPOS="3698.93603515625"
                   WIDTH="144.062255859375"
                   HEIGHT="112.17138671875"
                   ID="block_1"
                   TAGREFS="BT10606">
          <Shape><Polygon POINTS="2178.88 3698.94 2322.94 3698.94 2322.94 3811.11 2178.88 3811.11 2178.88 3698.94"/></Shape>
          
          
          <TextLine ID="eSc_line_7a7569ef"
                    TAGREFS="LT4161"
                    BASELINE="2190 3779 2302 3774" 
                    HPOS="2185"
                    VPOS="3711"
                    WIDTH="117"
                    HEIGHT="82">
            <Shape><Polygon POINTS="2291 3711 2185 3716 2190 3779 2190 3793 2302 3793 2302 3774 2295 3711 2291 3711"/></Shape>
	    <String CONTENT="195"
                    HPOS="2185"
                    VPOS="3711"
                    WIDTH="117"
                    HEIGHT="82"
                    WC="0.9995003739992777"></String>
          </TextLine>

          
        </TextBlock>
        

        
      </PrintSpace>
    </Page>
  </Layout>
</alto>
