2977 4210
542 395 1917 103 ensemble, et pour aboutir à quoi? Ase faire la gueule

547 502 1912 87 seulement à cause d’un petit merdeux. Comme

545 605 1910 89 d’habitude, il arrangeait l’histoire à sa façon mais

547 706 1908 105 je l’ai laissé dire. Vous comprenez ça, vous?... Ce

545 813 1910 89 Salaud, j’aurais dû lui raccrocher au nez mais j’étais

542 919 1920 89 content de l’entendre. Il m’a demandé comment

545 1022 1912 95 ça allait, où j’en étais. L’amour, le boulot... Est-ce

542 1127 1910 86 que j’avais retrouvé mon uniforme à la con? Est¬

540 1227 1912 103 ce que je défendais toujours les intérêts du gros

540 1335 1905 98 commerce? Est-ce que j’étais content de ma vie?

540 1438 1912 98 Je suis resté froid, je me suis pas avancé. “Oh,

538 1541 1919 100 comme ci, comme ça, j’ai fait." Malheur! C’était

540 1644 1919 105 justement ce qu’il ne fallait pas dire; il n’attendait

542 1761 1910 93 que ça, il a exulté. Mon pauvre Cloclo, un gus avec

540 1859 1917 96 tes capacités et ton talent, qu’est-ce qui te retient

540 1962 1910 96 donc de gagner du fric? Tu crois que les autres

542 2065 1906 98 S’en privent? T’es pas un looser quand même!

542 2170 1908 101 Moi, si j’avais tes possibilités... Qu’est-ce qu’on a

538 2271 1910 100 mis dans ta caboche de nègre pour refuser ça? Tu

540 2380 1905 92 ne vas tout de même pas me dire que c’est sale,

538 2476 1910 99 l’argent, si ? C’est les Blancs qui t’ont mis ça dans la

535 2582 1908 91 tête? Bravo, la colonisation! Fortiches, les impé¬

533 2689 1908 96 rialistes!" Je marmonne que le fric, je m’en tape,

535 2801 1910 94 qu’une vie on n’en a qu’une, que je n’ai pas envie

538 2900 1907 98 de la perdre à la gagner, qu’il y a autre chose à

535 3000 1913 101 faire. “Patate ! je ne te demande pas de perdre ton

535 3106 1903 105 précieux temps, je te propose un coup. Facile, suc¬

538 3213 1907 96 cès assuré et gros profit. Après tu auras tout ton

535 3321 1903 91 temps pour t’amuser comme ça te chante à toutes

538 3417 1523 98 les ringardises." Vous voyez le tableau?

627 3524 1561 101 Luna acquiesce, elle le voit parfaitement.

2309 3707 129 82 277
