2977 4210
624 425 1889 101 la caboche, les phalanges de l’index et du médius

617 526 560 103 droit repliées.

746 624 1765 110 — Tu vois, ici, ça déménage, dit Rémi sur le

610 729 609 103 pas de la porte.

704 832 1802 98 Une jeune femme arborant une blouse maculée

601 937 1594 94 de taches de couleurs se dirigea vers eux.

772 1038 1720 94 — Salut, fit Rémi, on vient chercher le môme.

685 1141 1812 105 Elle n’eut pas le temps de s’éloigner que Luna sor¬

596 1251 1898 86 tit d’une porte et vint à la rencontre des deux garçons.

819 1347 1675 103 T’as vu, on est pile à l’heure... (Il désigna

589 1454 1903 101 Clotaire.) Clovis nous a démerdé une superbe

592 1560 353 105 bagnole.

706 1660 1594 105 — Enfin, il s’appelle Clovis ou Clotaire?

697 1765 1772 106 — Clotaire, tu as raison, trésor. Bien sûr, Clovis.

578 1875 1261 101 c’est, ça a toujours été, son père.

671 1978 1809 103 La psy poussa un soupir. Elle se tourna vers

575 2083 1905 89 Clotaire, mais les mots qu’elle allait prononcer lui

571 2184 1905 101 furent dérobés par Rémi qui, imitant le timbre de

578 2292 1575 98 voix de la jeune femme, dit d’un ton las:

681 2397 1792 100 — Je compte sur vous Clotaire... Je connais

566 2500 629 100 trop mon Rémi.

655 2607 1816 94 Suprêmement agacée, Luna fit un demi-tour

568 2736 286 89 rageur.

730 2820 1395 103 — Je vais le chercher, ne bougez pas.

652 2930 1814 94 Restés seuls, Rémi et Clotaire se regardèrent sans

559 3035 349 94 aménité.

671 3141 1791 110 — Qu’est-ce qu’il y a, Cloclo? Je te choque?

566 3255 1460 103 Tu sais, on peut encore tout planter là.

638 3360 1824 94 Clotaire détourna les yeux sur les enfants du

561 3475 1898 101 vestibule dont les occupations n’avaient pas varié.

557 3580 1905 106 Peut-être aurait-il voulu s’éclipser mais il était

552 3777 140 82 116
