2977 4210
421 474 1867 106 ouvre la porte de la cage. On nous rend nos papiers

421 584 1867 84 et on nous vire en nous disant que nous avons

423 687 1863 98 intérêt à la fermer. “Si vous continuez votre cirque,

423 790 1856 103 on vous inculpe pour trouble à l’ordre public!

425 893 1859 96 Quant à toi, Mandela, demain on attend un char¬

428 1003 1860 89 ter! ajoute le keuf en me montrant la cage on

428 1106 1863 103 engrange à leur tour les Africains, on te larguera

430 1211 1856 103 avec les autres nègres dans ta jungle!“ Quand nous

430 1316 1856 89 sommes dehors, j’entends la voix de Rémi me

430 1412 1858 96 crier : “Ho! le Blackos, réflexe!“ Il a ramassé

432 1522 1852 105 quelque chose par terre et me le jette à la tête. J’at¬

432 1627 1859 101 trape la chose au vol, c’est un bouton métallique

432 1728 1854 101 tombé de ma vareuse d’uniforme. “Y a longtemps

437 1831 1858 105 que tu fais le guignol?“ Je lui dis que ça ne fait

437 1945 1854 94 que trois semaines que j’ai commencé et que je

439 2032 1842 98 suis étudiant. Ca le fait rigoler.“Dian-dian, il fait...

442 2144 1851 98 Dis donc, keubla, j’ai l’impression que dans ta

444 2245 1849 98 boîte de merde, à présent c’est mal barré.“ Je ne

442 2348 1849 100 réponds pas, je rigole en faisant sauter dans ma

442 2444 1839 105 main le bouton d’uniforme. “Tu regrettes?“ il

444 2554 1844 95 demande. Je lui dis que non, pas vraiment. Je

442 2649 1842 92 chantonne l’air d’Edith Piaf, non, rien de rien, je

447 2759 1841 94 ne regrette rien... Puis je lui demande ce qu’il

449 2855 1842 99 fait, lui, dans la vie. Il écarquille les yeux et

451 2963 1837 82 m’observe comme si j’étais un insecte ou une bête

451 3061 1837 98 curieuse: “C’est si important pour toi, ce que font

451 3162 1840 103 les gens ?“ Oui je lui réponds que oui, ça permet

451 3258 1830 102 de les positionner. Il me regarde, fait Beurk!

477 3356 1809 103 “Quoi, beurk?“ je demande. “T’as entendu ce

454 3459 1834 98 que tu viens de dire? Le mot, m’enfin!... Le mot

456 3562 1823 98 et le toutim...“ Comme j’ai l’air de ne pas saisir,

2204 3742 75 84 91
