2977 4210
561 470 1873 96 lprétendait à des sonorités rock, mais ç’aurait pu

561 575 1875 82 iussi bien être un tango ou une valse, d’autant

557 675 1874 96 que le rythme ralentissait et dégoulinait de plus en

559 781 1868 93 plus en une espèce de slow glamoureux de mes

552 881 1870 96 deux. Imaginez ce que peut donner Love Me Ien¬

552 984 1870 84 (ler revu par un crooner de balmuche au fond du

554 1080 396 91 IFinistère !

631 1185 1786 99 Le marié a entraîné ensuite Boule de neige vers

542 1293 1873 96 Sa femme, qui continuait à se gaver de sucreries

540 1393 1870 99 cn attendant stoïquement que son mec ait terminé

542 1501 478 82 Son numéro.

652 1597 1753 103 – Hé, Magali, regarde un peu ce que je t’amène!

538 1695 737 101 Un oiseau des îles!

617 1803 1791 89 Content de son coup, il est reparti en se marrant

528 1906 1632 98 ct a fait toute la salle d’auberge en glissade.

669 2009 1732 96 – J’lui ai trouvé un petit oiseau, il beuglait,

526 2105 1725 109 j’Iui ai trouvé un oiseau des îles à ma Magali!

603 2210 1798 93 Il a fini par s’écrouler dans un coin. Tout le monde

521 2320 1875 84 à rigolé et chacun s’est remis à danser ou a repris

521 2439 1880 70 Son Verre. Je me marrais en matant mon négro qui

521 2523 1875 89 se dandinait devant la mariée. Elle a levé les yeux

521 2631 1215 82 SUr lui avec un très beau sourire.

615 2729 1779 98 — Asseyez-vous. Je vais pas vous manger. Je

512 2839 1058 82 mange pas les oiseaux, moi.

594 2935 1797 98 Elle riait en découvrant une magnifique rangée

503 3035 1886 89 de dents, blanches comme des perles. Elle riait avec

505 3141 1884 98 sa gorge et sa voix était pleine de sensualité. Boule

500 3241 1882 101 de neige s’est assis gauchement à côté d’elle et lui

503 3351 540 96 ã pris la main.

608 3445 1151 98 — Clotaire... C’est mon nom.

592 3545 830 106 — Moi, c’est Magali.

2242 3730 138 89 203
