2977 4210
755 416 1840 103 permanence la sirène de brume. D’autant que le

755 512 1840 112 jour baisse. Je pense à Luna, j’aimerais tellement

751 615 1835 107 qu’elle soit du voyage. Je suis con ou quoi, ho? Elle

746 722 1844 89 est avant tout une espèce de flic dans son genre, la

748 820 1838 94 salope. Bon, mais elle est ultra-sensitive aussi.

748 928 901 103 Enfin, je peux imaginer.

830 1026 1760 91 Si elle me sent comme je la sens, je n’ai qu’à

744 1129 1849 94 fermer les yeux et elle sera à côté de moi. La nuit

741 1234 1845 103 commence à tomber et je suis seul. Il n’y a pas plus

744 1335 1842 105 solitaire que la nuit. C’est ça, bien sûr Oui... Ça y est,

744 1440 1842 96 elle est là. Je t’aime, Luna, astre de ma nuit. Tu vois,

744 1546 1849 102 pour toi, je peux me foutre à l’eau et nager tout

741 1644 1842 91 droit vers le Canada. Elle doit me trouver imbé¬

739 1749 1851 94 cile, ma psy. Evidemment, je n’ai pas de sens social

739 1854 1851 98 comme dit l’autre, vu que je suis sensément un

739 1955 1844 103 demeuré. Tant pis, ma vieille, mon amour, je t’en¬

741 2058 1049 103 lève, je t’embarque de force.

844 2161 1742 103 Vogue la galère, ma mie, c'est de l’autre côté de

739 2259 239 93 la vie.

821 2572 1769 91 À cet endroit, la voix de Philippe cesse sur la

732 2678 1854 98 bande. Le bruit des vagues la remplace, auquel se

727 2778 1861 94 mêlent bientôt des cris stridents. Luna accélère la

734 2888 1847 98 vitesse de son magnétophone et, au bout de trois

727 2989 1355 103 minutes, la voix de l’enfant reprend:

842 3300 1739 103 — Gros temps, capitaine. Vous entendez les

723 3410 1434 100 mouettes, je ne sais pas ce qu’elles ont.

812 3510 870 91 Il a raison, mon second.

720 3695 80 94 54
