2977 4210
580 446 1753 98 — Arête de dire des conneries, tu veux", lui a-t-il

475 551 1856 92 rétorqué en remontant la fermeture de sa braguette.

554 650 1774 98 En quittant les toilettes, ils avaient cherché Phi¬

472 757 1854 101 lippe des yeux et, ne le voyant pas dans la voiture,

472 856 1849 105 ils s’étaient dirigés spontanément vers le libre¬

472 972 300 78 Service.

549 1064 1779 91 Là non plus, pas trace du môme. En revanche la

470 1169 1851 98 boutique était devenue un champ de désolation:

468 1274 1853 87 rayonnages saccagés, monceaux de marchandises

465 1377 1847 98 répandues à terre, gadgets et accessoires automo¬

468 1478 1853 91 biles mêlés aux produits alimentaires; on aurait

468 1583 1846 98 dit qu’une tornade était passée par là. Rejoint par

468 1684 1846 102 un collègue des pompes, le préposé aux ventes, un

472 1789 1842 96 gros en combinaison fluo bicolore contemplait le

468 1885 929 91 désastre d’un air lugubre.

542 1985 1758 101 Clotaire et Rémi se regardaient effarés lors¬

472 2095 1833 98 qu’un deuxième pompiste arriva, tout essoufflé.

500 2191 1014 105 L’enfoiré! Il m’a échappé !

549 2299 1753 100 Le préposé s’avisa de la présence des garçons.

571 2399 1181 101 "Le môme, il est pas avec vous7

561 2502 1739 103 — Quel môme?" fit Rémi avec une mine stu¬

470 2598 269 115 péfaite

542 2713 1760 103 Le gros fonça sur lui en même temps que les

470 2823 1832 95 deux pompistes convergaient vers Clotaire. Les

472 2925 873 99 actions se télescopèrent.

578 3026 1526 105 C’est pas ton frère? demanda le préposé.

561 3127 1201 105 — Qui? fit Rémi d’un air ahuri.

552 3234 1233 105 – Où il est? s’inquiéta Clotaire.

559 3346 1734 101 — Barré sur l’autoroute! fit le pompiste essouf¬

468 3454 1832 103 flé avec un mauvais sourire. J’espère qu’il va se faire

463 3557 775 94 rectifier, le merdeux!

2181 3739 119 92 143
