2977 4210
439 573 1037 100 1411 le Fromage sardonique.

676 470 1641 100 Tiens, je croyais que c’était moi le facho!

526 675 1147 96 130ule de neige serre les dents.

669 776 1030 103 Ta gueule, Fromage blanc!

526 879 1798 100 Je ne lui ai pas soufflé. Il l’a trouvé tout seul, le

437 989 1891 98 tn'nro. Bravo, j’aurais pas perdu ma journée. Il y a

439 1092 1882 100 lucn de quoi applaudir. J’applaudis. Le Fromage

437 1195 1887 93 14s frais accélère brutalement. Plus personne ne

437 1298 1882 93 I'.41le. Ils sont très tendus et ont hâte de me larguer,

432 1400 1889 94 d’en finir au plus vite. Attendez, les mecs, j’ai fini

432 1508 1892 96 le Vous asticoter. D’autant que c’est vous qui avez

435 1609 1715 93 Olimencé à m’emmerder avec votre tabagie.

521 1712 1800 102 D’ailleurs, j’ai un plan d’enfer pour ça et, comme

437 1819 1889 96 jVeux pas passer pour un enculé de raciste, c’est

435 1910 1886 106 cpédé de Cul blanc qui va en faire les frais. Je

447 2020 1872 101 cns des choses en lui, cet enfoiré et je vais te le

439 2126 969 93 1.1re devenir chèvre, moi.

524 2228 1800 87 1Un courant d’air froid entre soudain dans la

442 2329 1877 96 voiture : Je viens de baisser la vitre arrière droite.

439 2432 1882 105 BOule de neige me jette un coup d’œil. Je sens qu’il

442 2542 665 91 vent rester calme.

601 2633 1718 115 —Ça suffit, Philippe! Ferme ça, il fait froid.

528 2752 864 94 Je ne fais pas un geste.

573 2851 910 103 – Ça schlingue trop ici.

578 2954 1739 98 — Merde, tu vas la baisser, ta putain de fenêtre!

528 3056 363 101 Je rigole.

572 3153 526 102 - J’peux pas.

559 3262 1760 101 – Pourquoi? (Cul blanc s’énerve.) Tu vas voir

447 3372 671 98 1 tu ne peux pas!

557 3468 1767 103 — Tant pis pour vous, j’annonce. J’ai fait un

439 3576 1103 100 lrout avec mon trou de balle.

2190 3749 134 86 231
