2977 4210
898 465 1292 108 — Allez, allez! Vas-y, Cul blanc!

741 680 1920 89 cahote, rebondit sur les rochers, patine. Il s’accro¬

835 575 1830 107 Les pierres dinguent de toutes parts. Le 4x4

741 785 1922 96 che, rugit, escalade. Le militaire se cramponne,

744 888 714 103 plus mort que vif.

830 989 1833 91 Un peu plus haut, le chemin fait une fourche.

746 1096 1915 89 Une branche débouche sur une route goudronnée.

741 1202 1920 98 On va s’engager sur cette branche-là quand Fro¬

741 1307 1922 101 mage blanc aperçoit le gyrophare et le toit du GJ.

739 1408 1924 98 Il donne un coup de volant, pour virer dans l’autre

741 1513 1920 100 branche. Sa manœuvre trop brusque, le sol peu

739 1613 1924 106 fiable, la pente trop forte, et la Cherokee verse au

741 1719 1915 91 fossé. Dans le choc, le chauffeur va donner dans

746 1833 1030 82 l’avertisseur qui se coince.

826 1929 1828 108 On gicle tous de la caisse en se palpant les

739 2037 1915 98 membres, comptant bosses et ecchymoses. L’aver¬

741 2142 1913 98 tisseur continue de meugler désespérément tandis

746 2252 1905 96 que les gendarmes se rapprochent au pas de course.

833 2556 1818 91 Fromage blanc a réussi à arrêter le klaxon. Dans

748 2668 1903 84 le silence revenu, un rossignol se met à chanter.

746 2769 808 89 On est tous soulagés.

863 2869 1784 103 — Hé bé, on n’a pas idée de passer par des

744 2977 662 96 chemins pareils!

837 3080 1814 89 Le gradé à l’air con mais plutôt bienveillant.

746 3185 1908 101 Jusqu’à ce qu’il se rende compte de notre tenue et

746 3290 1901 87 de notre état. Cul blanc n’est pas rasé. Avec ses

751 3393 1898 96 vêtements déchirés, on dirait un gitan, voleur de

748 3494 1899 105 poules et d’enfants. Cloclo a sa tête de nègre et le

751 3606 1495 101 bidasse n’a pas l’air bien clair non plus.

741 3781 138 92 238
