2550 3300
517 299 1532 83 que lorsque d’autres flèches feront leur apparition¬

517 382 1535 82 leur pointe pourvue de barbes à deux rangs dirigées

519 445 1533 85 vers l’arrière et fixées de façon à se détacher facile¬

514 533 1535 77 ment du bois lorsqu’on veut les arracher, le fer de¬

511 610 1535 83 meurant dans la blessure rendue ainsi plus redoutable.

511 676 1535 96 Mais cela, le gendarme est alors bien incapable de

511 756 339 93 l’imaginer.

591 836 1458 93 — On dirait pourtant que c’est du vrai sang, dit

506 915 1540 88 P'tit Pierrot en lui tendant la flèche, pointe en

506 1012 200 77 avant.

577 1075 1464 85 Il fait rouler entre son pouce et son index une perle.

503 1149 1538 94 écarlate, passe ses doigts sur son tarin turgide et dit

503 1234 437 80 avec sagacité:

580 1317 1461 80 — Tu vas pas nous faire croire que les Indiens sont

503 1383 770 93 sur le sentier de la guerre.

566 1474 1469 82 Les consommateurs rigolent, mais pas Gros Pierrot.

569 1540 1114 96 — Mon cul, fait-il d’une voix sourde.

561 1614 597 96 On rit de plus belle.

580 1699 858 83 — Qu’est-ce qu’il a, ton cul ?

561 1771 979 85 — Regardez ce qu’ils m’ont fait.

555 1853 1469 99 Et Gros Pierrot se retourne pour montrer son fon¬

486 1930 256 96 dement.

574 2010 707 82 — Ça, ils t’ont pas raté !

558 2081 919 91 — Faut dire qu’y a de la place.

550 2164 1482 91 L’intervenant, P’tit Pierrot en l’occurrence, est

481 2255 1549 77 blâmé par quelques paires d’yeux; puis les personnes

481 2323 1543 99 présentes se détournent vers le massif et très remar¬

481 2417 1543 80 quable croupion-une célébrité cantonale. Elles l’exa¬

478 2480 1095 94 minent, puis se dévisagent, étonnées.

552 2565 1420 94 — Merde! fait le maréchal des logis Lapoujade.

552 2640 812 90 — Raconte, dit P’tit Pierrot.

536 2714 712 135 Et Gros Pierrot raconta.

490 2868 74 82 12
