2550 3300
517 332 1524 80 Tout cela s’était passé il y a moins d’une heure, dans

434 398 1607 97 le contre-bas, près du Gué Gaillard. Le soleil n’était

437 481 1598 99 pas bien haut, et encore trop faible pour déchirer le

437 574 1598 83 brouillard qui s’accrochait au creux des combes.

437 657 1590 77 C’était là qu’il les avait aperçus — des drôles de sil¬

434 723 1598 93 houettes qui bougeaient dans une plâtrée de purée bleue.

434 803 1601 96 Ils avançaient lentement, peinaient en traînant à bras

434 896 1598 80 des sortes de brancards avec tout un bataclan dessus.

434 979 1601 79 Cela n'avait duré que quelques secondes, comme une

437 1045 1601 96 image de cinéma, et ils avaient disparu de l’autre côté

437 1127 198 91 du ru.

511 1201 1521 94 Gros Pierrot s’était dit que les prévisions du doc¬

437 1298 1598 85 teur Pouy se réalisaient, il se dit : Gros Pierrot, y a pas,

434 1375 1601 85 tu vas pas y couper de ton délirium. Des Indiens avec

437 1457 1601 83 arcs, plumes et le toutim, tu dérailles, mon p’tit

440 1526 1595 96 gars!... Il en a encore froid dans le dos. Pour un peu,

437 1614 1601 85 il préférerait se battre avec des crabes et des rats comme

437 1685 1598 97 le faisait dans ses cauchemars éveillés feu Antonin,

431 1768 385 85 son frangin.

506 1856 1532 82 Il arrêta sa mobylette aussi sec. Son cœur cognait

431 1927 1604 94 sous ses côtes, ça rabâtait là-dedans pis que dans une

431 2010 1607 91 barrique. Il avait repéré uné pile de rondins sur le bord

431 2106 1480 74 du chemin, il s’y appuya pour allumer une maïs.

503 2180 1532 86 La cigarette s’éteignit plusieurs fois mais il finit par

429 2274 1609 77 en venir à bout. Après, il se sentit mieux. Une gorgée

429 2348 1598 85 de remontant avant de regrimper en selle, et c’était re¬

431 2414 1607 107 parti. Il se disait qu’il en avait quand même dans le

431 2516 1604 77 caberlot pour inventer des trucs pareils. C’est magique

431 2582 1599 93 l’imagination; chez lui, on a ça de père en fils, l’hé¬

429 2667 398 99 rédité, quoi!

503 2747 1535 107 Bref, il se sentait rassuré, peinard et heureux comme
