2550 3300
478 792 979 104 — Les Indiens! Les Indiens!

470 882 1681 97 Essoufflé, excité, brandissant une flèche ensan¬

401 973 1750 107 glantée, Gros Pierrot vient d’entrer en trombe dans le

396 1061 525 105 café du village.

486 1166 1640 90 — T’es bien sûr que t’as pas forcé un peu sur le pi

396 1245 1397 99 colo, dit le maréchal des logis Lapoujade.

481 1333 729 94 Une simple assertion.

478 1424 1334 91 — Oué, Gros Pierrot, arrête ton cinéma.

473 1504 1669 107 Et P’tit Pierrot s’approche de la flèche pour l’exa¬

393 1606 234 93 miner.

481 1685 1667 94 L’objet, long d’une soixantaine de centimètres, a été

393 1773 1755 99 découpé dans un baliveau de chêne. A l’extrémité de

396 1859 1746 107 la tige, trois plumes de corbeau en assurent la volée,

398 1971 1750 77 maintenues par des tendons très minces, amollis dans

398 2035 1750 104 l’eau et enroulés autour du bois de manière à faire une

401 2128 1736 99 ligature parfaite. C’est une flèche destinée à la chasse:

401 2219 1739 96 la pointe, en fer, sans barbes, aussi soigneusement at¬

398 2318 1742 82 tachée que l’empenne, permet de la retirer de la plaie

398 2389 1560 108 sans difficulté et de s’en resservir à l’occasion.

478 2480 1664 99 Sur le moment, le maréchal des logis Lapoujade ne

398 2574 1744 101 fait pas attention à ces détails. Il ne s’en souviendra
