3504 2477
2358 759 987 74 Tout a commencé, tout commence avec le vent, cet

2308 811 1030 76 bruit de mer que nous aimions écouter dans les arbres,

2308 860 1032 75 et le livre est dédié à l’ami disparu qui avec moi a vécu

2310 916 273 56 cette histoire.

2345 1013 987 72 Le vent a chassé l’hiver, c'est le début du printemps.

2347 1067 989 70 C’est l’histoire d’un huissier qui déménage à la

2300 1118 1030 66 cloche de bois; d’une jeune fille éprise d’absolu et sé¬

2300 1168 1030 72 duite par un homme de loi; d’un chef d’entreprise qui

2296 1219 1032 71 projette de vendre des bouffées de sauvagerie pour faire

2296 1269 1030 72 oublier la barbarie quotidienne; d’un gamin rebelle

2296 1321 1030 72 et d’un capitaine de gendarmerie dont le nom trans¬

2291 1376 1035 68 porte l’odeur des arbres; d’un capitaine qui se rap¬

2289 1426 1037 66 pelle l’enfant qui était dans le capitaine; d’une

2289 1475 1035 71 poignée de citadins qui jouent aux Indiens à quelques

2289 1523 1029 72 lieues de Paris; de ce qui n’aurait pu être qu’un re¬

2285 1577 1035 74 portage télé dans la rubrique Faits de société; d’un

2283 1632 880 66 film que le disparu et moi aurions pu signer.

2335 1674 842 80 Une triste histoire, une histoire de triche...

2331 1727 985 79 La mort d’un ami obsède, sa vie fascine. Tant

2283 1781 1031 74 d'aventures inachevées, tant de projets avortés! De

2283 1824 1026 108 lui, j'ai déja trop parlé, à la fois si peu et si mal. Mais,

3272 1950 33 47 9
