2196 2477
1105 429 979 49 — Et le troufignon à Gros Pierrot, qui c’est qui va

1055 472 229 54 l'arranger?

1107 532 772 52 — Je m’en occupe, assure le gendarme.

1101 575 464 56 Et il sort promptement.

1107 621 713 60 — Encroupé, va! lance P’tit Pierrot.

1101 685 983 49 On s’entreregarde, on se concerte; la décision est

1057 734 1027 50 vite prise. Un quart d’heure plus tard, une voiture pleine

1051 782 1031 56 de renforts démarre. De l’avis du patron du bistrot, une

1055 829 1029 60 bagnole suffit car, connaissant Gros Pierrot et son goût

1055 889 1029 54 pour l’emphase, il pense que celui-ci a dû gonfler les

1055 939 1027 51 forces de l’ennemi. D’ailleurs, que peut faire une

1053 982 1027 64 poignée d’Indiens face à un groupe de citoyens fran¬

1055 1030 1023 64 çais déterminés. L'enfléché a beau dire et beau faire,

1055 1089 979 54 il lui faut partir en guerre avec cette seule escorte.

1099 1135 979 60 Chevauchant son engin, debout sur les étriers, il pé¬

1053 1195 1027 51 tarade devant un gros break Peugeot 506 en direction

1049 1240 828 56 du lieu de l’attentat quand il voit la corde.

1096 1285 986 64 Les Indiens l’ont tendue en travers de la route, à la

1051 1347 1029 52 sortie du premier virage, entre le Gué Gaillard et le

1053 1391 1027 60 village. Gros Pierrot a beau freiner, il ne réussit pas à

1053 1451 1029 51 s’arrêter. Le cyclomoteur rebondit contre la corde, est

1051 1498 1029 60 projeté dans le fossé. Quant à lui, Gros Pierrot part en.

1051 1548 1031 57 vol plané, surprenante et pesante montgoltière qui choit

1051 1601 1031 56 lourdement, se déchirant l’enveloppe, les linges et la

1049 1653 849 54 couenne sur le rude revêtement goudronné.

1096 1705 984 53 La voiture a pilé derrière lui. Quand les Indiens bon¬

1047 1752 1029 56 dissent en hurlant, elle opère une marche arrière pré¬

1047 1795 1031 66 cipitée et zigzaguante tandis que Gros Pierrot se

1049 1857 1029 54 retrouve aux mains des Indiens qui l’entraînent sous

1051 1901 1042 64 les arbres. On peut entendre un long et horrible hur-

1053 1965 155 51 lement.

1060 2100 55 57 18
