1322 2046
192 189 597 51 — Nous chassons les hommes.

191 242 968 51 — Ben, point besoin d’chasser plus loin, j’suis

139 288 275 53 votre homme.

182 339 977 56 Sanglier Bleu brandit son tomahawk, il n’avait pas

136 393 1023 52 l’air de rigoler. Mais l’autre Indien sauta par-dessus

138 445 1020 56 la barrière du pré et arrêta son bras. Il fit hugh ou un

136 491 1022 58 borborygme du même genre et posa la même question

138 540 308 58 que le Sanglier.

187 595 355 52 — Qui êtes-vous ?

179 642 977 58 Gros Pierrot le dévisagea. Un Indien à lunettes!

133 695 668 62 Jamais il n’aurait cru imaginer ça.

187 753 971 53 — Gros Pierrot, répéta-t-il machinalement. Et

136 797 124 58 vous?

187 849 271 59 — Géronimo.

180 910 979 48 Ça lui disait quelque chose, mais il ne pouvait tout

134 954 1019 55 de même pas raconter à ce Parigot idiot-pour être ber¬

133 1005 1018 57 dins, et aussi crétins, y a que les Parisiens-il ne pou¬

136 1051 1017 58 vait tout de même pas lui sortir qu’il l’avait vu à la télé.

184 1104 974 57 — Le Grand Esprit a créé les forêts, bramait

133 1157 1020 56 l’Indien. Il a créé les forêts et les prairies, les mon¬

134 1212 1017 51 tagnes et les déserts, pour que ses enfants y vivent li¬

133 1259 1021 57 brement. Le Grand Esprit n’a pas créé les clôtures. Les

133 1311 1018 56 Indiens sont les enfants du Grand Esprit, ils respec¬

131 1369 1028 51 tent les arbres, les prairies et les rivières, que souillent

129 1410 1024 58 ou détruisent les Visages Pâles! (Géronimo dut s’in¬

131 1469 1025 50 terrompre pour retrouver sa respiration.) Si les Visages

131 1517 1027 55 Pâles mettent partout des clôtures, reprit-il, c’est parce

131 1573 1028 48 qu’ils ont peur les uns des autres. Les Indiens n’ont

133 1624 1023 50 peur de personne et ils détruisent les clôtures. J’ai dit.

177 1672 981 53 Gros Pierrot se demandait si c’était du lard ou du

129 1722 1030 59 cochon, il regarda autour de lui- il y avait sûrement

133 1780 409 52 un truc. Il demanda:

1105 1865 46 61 15
