1327 1959
161 104 1022 47 tout, avec le vent dans le nez et le vélomoteur qui ron¬

161 145 1023 55 ronnait mieux qu’une horloge quand, putain d’bon

161 199 724 54 Dieu, il était retombé sur ses clients!

210 246 976 59 Il vit d’abord les deux femmes, qui s’empêtraient

161 300 1023 52 dans une clôture. L’une enveloppée dans une espèce

160 352 1021 52 de couverture avec des grands Z dessus et l’autre qui

161 409 1022 49 accrochait ses perles et ses culottes de peau dans les

161 450 1023 54 barbelés du père Raynal. Les gars, eux, étaient déja

163 510 1020 53 passés et avaient disparu dans les bosquets. Un maigre

160 551 1024 57 échalas à lunettes, avec deux grandes plumes sur la

160 612 1026 50 nuque reparut. Il traversa la prairie en sens inverse et

161 666 414 47 arriva à la rescousse.

210 705 974 57 Quand il eut libéré les femmes, il se mit à arracher

160 757 1023 55 les piquets les uns après les autres, méthodiquement.

160 806 1026 59 Le chemin amorçait une longue courbe et Gros Pierrot

160 868 1023 47 eut le temps d’apprécier comment les bonshommes

161 909 584 59 opéraient, puis une voix cria:

212 959 270 58 — Attention!

205 1018 981 54 Aussitôt un autre gars surgit devant sa pétrolette et

160 1061 1021 62 lui barra la route. Gros Pierrot ne força pas le passage,

160 1121 1019 49 il était trop curieux de savoir la suite. L’Indien le re¬

161 1168 1022 56 garda de haut en bas comme s’il était moins qu’une

163 1219 680 54 bouse et lui postillonna à la figure.

215 1271 353 52 — Qui êtes-vous ?

210 1320 504 54 — Gros Pierrot. Et vous ?

212 1372 647 61 — Sanglier Bleu. Où allez-vous?

210 1425 448 50 — Au bourg. Et vous?

205 1474 979 55 L’Indien ne répondit pas. Il se contenta de cracher

161 1524 1018 59 aux pieds de Gros Pierrot qui fit ah, puis vanna, his¬

161 1575 321 59 toire de rigoler:

214 1629 513 55 — Vous chassez le bison?

207 1686 889 50 Sous ses peintures rouges, l’autre devint vert.

169 1775 51 48 14
