3060 3960
488 360 2191 80 — C’est pourtant vrai, dit Jeanne sèchement. Marguerite lui tend un

369 453 709 88 mouchoir pour éponger

477 572 2202 74 le sang qui coule de son nez. Le geste impatiente le vieux. Il ne s’en force

369 677 2307 73 que davantage au calme. Le visage opaque, il se met à parler d’une voix lente

372 754 1948 75 et mesurée, indifférente, comme s’il s’agissait de tout autre chose.

479 873 2200 86 — Pourquoi est-ce que t’as fait ça? Pourquoi est-ce que t’as prêté la main

372 961 1466 86 au bicot pour tremper l’ Fernand dans l' bâchât?

479 1082 868 75 Jeanne relève encore la tête.

479 1199 1707 85 — C’est même moi qui l’ai assommé, dit-elle fièrement...

479 1322 2195 77 Mistigri a un sursaut de rage. Jeanne poursuit avec une audace tranquille

369 1412 1070 73 en le regardant droit dans les yeux:

484 1533 616 70 —... avec la bêche.

482 1652 1111 75 Le vieux est atterré. Jeanne explique.

479 1771 1123 88 — I'z’allaient s’égorger avec la serpe.

482 1892 1136 85 — Comment ça, i’z’allaient s’égorger?

477 2008 1466 90 — Le Fernand. Il allait égorger l’autre, l' bicot...

479 2131 2200 77 Le vieux est stupéfait. Il n’imaginait pas que ses filles puissent avoir la

367 2222 2309 72 moindre initiative. Il avait toujours cru que tout lui revenait et lui

369 2312 2312 83 appartenait. Mais il remarque le regard brillant de Jeanne. Ne comprenant

367 2402 2217 77 rien à toute cette bagarre, il pense qu’elle le croit gâteux et qu’elle invente.

484 2521 2192 75 — Il avait pris la serpe dans la resserre, continue-t-elle. L’était toute

369 2611 2301 77 rouillée. Plusieurs fois, l' Fernand, i' a essayé de l’crocher, mais l’autre, i'

369 2699 2305 79 dansait, i' évitait, qu' ça énervait l’ Fernand. Finalement, l’autre t’lui attrape

374 2794 1613 74 le bras. A c' moment-là, moi j’arrive avec ma bêche...

482 2910 363 82 — Tu mens.

479 3033 452 84 — J' mens pas.

482 3152 1023 84 — Salop’rie d’garce de menteuse!

475 3269 2201 79 Cette fois, le Mistigri est vraiment menaçant. Jeanne le voit prêt à lui

369 3359 2307 77 balancer son poing dans la figure. Elle garde la tête haute. Elle s’étonne

369 3449 2312 82 d’elle-même; elle ne se croyait pas capable d’une telle hardiesse, elle se fait
