<?xml version="1.0" encoding="UTF-8"?>
<alto xmlns:xsi="http://www.w3.org/2001/XMLSchema-instance"
      xmlns="http://www.loc.gov/standards/alto/ns-v4#"
      xsi:schemaLocation="http://www.loc.gov/standards/alto/ns-v4# http://www.loc.gov/standards/alto/v4/alto-4-2.xsd">
  <Description>
    <MeasurementUnit>pixel</MeasurementUnit>
    <sourceImageInformation>
      <fileName>page_00005.png</fileName>
      
    </sourceImageInformation>
  </Description>
  
  <Tags>
    <OtherTag ID="BT10547" LABEL="MainZone" DESCRIPTION="block type MainZone"/><OtherTag ID="BT10548" LABEL="NumberingZone" DESCRIPTION="block type NumberingZone"/><OtherTag ID="BT10549" LABEL="RunningTitleZone" DESCRIPTION="block type RunningTitleZone"/><OtherTag ID="BT10550" LABEL="TitlePageZone" DESCRIPTION="block type TitlePageZone"/><OtherTag ID="BT10551" LABEL="MarginTextZone" DESCRIPTION="block type MarginTextZone"/><OtherTag ID="BT10552" LABEL="QuireMarksZone" DESCRIPTION="block type QuireMarksZone"/>
    <OtherTag ID="LT4125" LABEL="DefaultLine" DESCRIPTION="line type DefaultLine"/><OtherTag ID="LT4126" LABEL="HeadingLine" DESCRIPTION="line type HeadingLine"/><OtherTag ID="LT4127" LABEL="default" DESCRIPTION="line type default"/>
  </Tags>
  
  <Layout>
    <Page WIDTH="3060"
          HEIGHT="3960"
          PHYSICAL_IMG_NR="1"
          ID="eSc_dummypage_">
      <PrintSpace HPOS="0"
                  VPOS="0"
                  WIDTH="3060"
                  HEIGHT="3960">
        
        <TextBlock HPOS="334.8095397949219"
                   VPOS="568.71826171875"
                   WIDTH="2376.212921142578"
                   HEIGHT="2960.94287109375"
                   ID="block_0"
                   TAGREFS="BT10547">
          <Shape><Polygon POINTS="334.81 568.718 2711.02 568.718 2711.02 3529.66 334.81 3529.66 334.81 568.718"/></Shape>
          
          
          <TextLine ID="eSc_line_88c9fcb1"
                    TAGREFS="LT4126"
                    BASELINE="1195 717 1862 717" 
                    HPOS="1195"
                    VPOS="618"
                    WIDTH="667"
                    HEIGHT="114">
            <Shape><Polygon POINTS="1659 618 1657 618 1655 618 1624 629 1620 629 1615 629 1567 618 1565 618 1563 618 1534 629 1527 629 1505 627 1402 618 1400 618 1397 618 1371 627 1362 629 1195 627 1195 717 1195 732 1862 730 1862 717 1860 712 1855 629"/></Shape>
	    <String CONTENT="PROLOGUE"
                    HPOS="1195"
                    VPOS="618"
                    WIDTH="667"
                    HEIGHT="114"
                    WC="0.9994590282440186"></String>
          </TextLine>

          
          
          <TextLine ID="eSc_line_ec24f165"
                    TAGREFS="LT4125"
                    BASELINE="477 1005 2676 1005" 
                    HPOS="477"
                    VPOS="948"
                    WIDTH="2199"
                    HEIGHT="75">
            <Shape><Polygon POINTS="2419 954 2408 963 2150 963 2122 950 2106 950 2100 950 2064 959 2027 950 2018 950 2005 950 1985 963 1877 963 1807 948 1805 948 1675 961 1602 948 1600 948 1598 948 1541 961 1428 948 1426 948 1327 961 1292 948 1290 948 1122 948 1120 948 1118 948 1116 948 1091 963 986 963 887 948 884 948 882 948 880 948 856 963 722 963 686 948 684 948 682 948 680 948 636 959 501 948 499 948 497 948 495 948 482 954 477 959 477 1005 477 1023 2676 1023 2676 1005 2676 963 2481 963 2456 954 2436 954"/></Shape>
	    <String CONTENT="Il était une fois un Roi fort riche. Si nombreux étaient ses sujets que"
                    HPOS="477"
                    VPOS="948"
                    WIDTH="2199"
                    HEIGHT="75"
                    WC="0.9950365032235237"></String>
          </TextLine>

          
          
          <TextLine ID="eSc_line_a0d3b0d5"
                    TAGREFS="LT4125"
                    BASELINE="369 1097 2676 1091" 
                    HPOS="367"
                    VPOS="1038"
                    WIDTH="2309"
                    HEIGHT="75">
            <Shape><Polygon POINTS="369 1097 369 1113 2674 1106 2676 1091 2672 1051 2366 1051 2329 1038 2326 1038 2324 1038 2322 1038 2320 1038 2300 1051 2139 1051 2078 1038 2075 1038 1994 1049 1882 1040 1880 1040 1877 1040 1849 1051 1532 1040 1530 1040 1527 1040 1479 1051 1235 1040 1232 1040 1135 1053 1111 1042 1109 1042 1107 1042 1036 1053 942 1042 940 1042 367 1056 369 1097"/></Shape>
	    <String CONTENT="son royaume constituait un état dans l’Etat; et si grande sa puissance que"
                    HPOS="367"
                    VPOS="1038"
                    WIDTH="2309"
                    HEIGHT="75"
                    WC="0.9926563398043314"></String>
          </TextLine>

          
          
          <TextLine ID="eSc_line_a06eaca3"
                    TAGREFS="LT4125"
                    BASELINE="367 1185 2676 1185" 
                    HPOS="367"
                    VPOS="1130"
                    WIDTH="2309"
                    HEIGHT="73">
            <Shape><Polygon POINTS="367 1185 367 1203 2676 1203 2676 1185 2676 1144 1917 1130 1915 1130 1802 1141 1712 1130 1710 1130 1708 1130 1679 1144 1367 1144 1237 1130 1235 1130 1116 1141 1054 1130 1052 1130 1050 1130 1019 1144 367 1144 367 1185"/></Shape>
	    <String CONTENT="sans que ce pays en eût parfaitement conscience, il en faisait trembler une"
                    HPOS="367"
                    VPOS="1130"
                    WIDTH="2309"
                    HEIGHT="73"
                    WC="0.9962380151999625"></String>
          </TextLine>

          
          
          <TextLine ID="eSc_line_30909883"
                    TAGREFS="LT4125"
                    BASELINE="367 1273 2679 1273" 
                    HPOS="367"
                    VPOS="1221"
                    WIDTH="2312"
                    HEIGHT="79">
            <Shape><Polygon POINTS="367 1273 367 1289 444 1300 446 1300 2679 1289 2679 1273 2676 1227 1842 1232 1798 1229 1703 1221 1701 1221 1699 1221 1684 1229 1675 1234 1402 1234 1389 1229 1345 1221 1342 1221 1340 1221 1314 1229 1307 1234 1102 1234 1078 1232 953 1221 951 1221 825 1232 814 1232 810 1232 772 1221 770 1221 768 1221 766 1221 739 1232 737 1232 719 1232 477 1221 475 1221 367 1232 367 1273"/></Shape>
	    <String CONTENT="moitié: l’autre moitié ne pouvait manquer d’ignorer son nom qu’elle voyait"
                    HPOS="367"
                    VPOS="1221"
                    WIDTH="2312"
                    HEIGHT="79"
                    WC="0.992828747943828"></String>
          </TextLine>

          
          
          <TextLine ID="eSc_line_a2852b59"
                    TAGREFS="LT4125"
                    BASELINE="367 1368 2679 1361" 
                    HPOS="365"
                    VPOS="1309"
                    WIDTH="2314"
                    HEIGHT="85">
            <Shape><Polygon POINTS="367 1368 367 1394 473 1381 739 1392 752 1392 755 1392 757 1392 790 1381 1413 1388 1719 1390 1721 1390 2007 1388 2009 1388 2012 1388 2018 1383 2029 1377 2053 1383 2075 1388 2078 1388 2080 1388 2122 1381 2161 1377 2291 1377 2302 1381 2315 1388 2318 1388 2320 1388 2676 1377 2679 1361 2674 1322 2602 1309 2599 1309 2533 1320 2227 1309 2225 1309 2223 1309 2221 1309 2201 1322 1871 1322 1157 1311 1155 1311 1080 1324 1019 1313 1017 1313 948 1324 931 1313 929 1313 926 1313 660 1313 658 1313 656 1313 631 1324 499 1313 497 1313 365 1326 367 1368"/></Shape>
	    <String CONTENT="partout imprimé et entendait souvent prononcer, car il s’agit d’un"
                    HPOS="365"
                    VPOS="1309"
                    WIDTH="2314"
                    HEIGHT="85"></String>
          </TextLine>

          
          
          <TextLine ID="eSc_line_a6064b17"
                    TAGREFS="LT4125"
                    BASELINE="367 1456 2681 1452" 
                    HPOS="365"
                    VPOS="1397"
                    WIDTH="2316"
                    HEIGHT="79">
            <Shape><Polygon POINTS="367 1469 2657 1476 2659 1476 2661 1476 2663 1476 2681 1465 2681 1452 2679 1414 2648 1397 2646 1397 2643 1397 2641 1397 2533 1416 2370 1416 2340 1397 2337 1397 2335 1397 2333 1397 2168 1414 2075 1399 2073 1399 1917 1414 1858 1397 1855 1397 1853 1397 1851 1397 1785 1414 1659 1397 1657 1397 1655 1397 1653 1397 1629 1412 1527 1414 1417 1399 1415 1399 1413 1399 1378 1416 1235 1416 1162 1399 1160 1399 1065 1416 1025 1399 1023 1399 746 1399 744 1399 741 1399 682 1416 607 1399 605 1399 506 1410 413 1399 411 1399 409 1399 365 1416 367 1456"/></Shape>
	    <String CONTENT="chevalier d’industrie fameux. Les avions de cette royale canaille"
                    HPOS="365"
                    VPOS="1397"
                    WIDTH="2316"
                    HEIGHT="79"
                    WC="0.999318253993988"></String>
          </TextLine>

          
          
          <TextLine ID="eSc_line_64c18c26"
                    TAGREFS="LT4125"
                    BASELINE="365 1548 2674 1542" 
                    HPOS="363"
                    VPOS="1489"
                    WIDTH="2311"
                    HEIGHT="86">
            <Shape><Polygon POINTS="365 1548 365 1575 455 1564 946 1573 1039 1573 1041 1573 1080 1570 1246 1562 2672 1562 2674 1542 2668 1489 1494 1500 1485 1498 1474 1489 1472 1489 1470 1489 1296 1489 1294 1489 1175 1500 1157 1500 1155 1500 1140 1489 1138 1489 1135 1489 1133 1489 1076 1500 1061 1502 990 1500 704 1491 702 1491 363 1504 365 1548"/></Shape>
	    <String CONTENT="parcourent le monde; ils portent des noms qu’il a lui-même choisis, et qui"
                    HPOS="363"
                    VPOS="1489"
                    WIDTH="2311"
                    HEIGHT="86"
                    WC="0.9959026177724203"></String>
          </TextLine>

          
          
          <TextLine ID="eSc_line_5170b419"
                    TAGREFS="LT4125"
                    BASELINE="367 1639 704 1632" 
                    HPOS="365"
                    VPOS="1577"
                    WIDTH="339"
                    HEIGHT="81">
            <Shape><Polygon POINTS="367 1639 367 1658 609 1647 618 1647 684 1656 686 1656 689 1656 691 1656 704 1645 704 1632 700 1592 603 1592 570 1577 567 1577 565 1577 563 1577 561 1577 539 1590 497 1579 495 1579 493 1579 490 1579 440 1592 396 1579 394 1579 391 1579 389 1579 387 1579 365 1592 367 1639"/></Shape>
	    <String CONTENT="font rêver."
                    HPOS="365"
                    VPOS="1577"
                    WIDTH="339"
                    HEIGHT="81"></String>
          </TextLine>

          
          
          <TextLine ID="eSc_line_e444d98f"
                    TAGREFS="LT4125"
                    BASELINE="477 1757 2676 1753" 
                    HPOS="475"
                    VPOS="1696"
                    WIDTH="2201"
                    HEIGHT="77">
            <Shape><Polygon POINTS="477 1757 477 1773 2674 1768 2676 1753 2672 1711 2597 1696 2595 1696 2593 1696 2562 1709 2340 1696 2337 1696 2190 1709 2126 1696 2124 1696 2122 1696 2119 1696 2097 1711 1802 1711 1780 1696 1778 1696 1776 1696 1673 1696 1670 1696 1668 1696 1666 1696 1644 1709 1591 1696 1589 1696 1587 1696 1585 1696 1582 1696 1560 1711 1474 1698 1472 1698 1206 1711 1153 1698 1151 1698 1149 1698 1146 1698 1120 1711 1074 1698 1072 1698 1069 1698 1067 1698 1065 1698 1041 1713 962 1713 814 1698 812 1698 810 1698 755 1711 691 1698 689 1698 581 1711 495 1698 493 1698 490 1698 488 1698 475 1707 477 1757"/></Shape>
	    <String CONTENT="En cette claire nuit de septembre, le Roi repoussa devant lui son jeu"
                    HPOS="475"
                    VPOS="1696"
                    WIDTH="2201"
                    HEIGHT="77"
                    WC="0.9845995980760326"></String>
          </TextLine>

          
          
          <TextLine ID="eSc_line_527ec529"
                    TAGREFS="LT4125"
                    BASELINE="367 1845 2302 1841" 
                    HPOS="365"
                    VPOS="1786"
                    WIDTH="1937"
                    HEIGHT="77">
            <Shape><Polygon POINTS="365 1823 367 1845 367 1863 2300 1863 2302 1841 2298 1799 2219 1786 2216 1786 2214 1786 2183 1799 2181 1801 1998 1801 1996 1799 1979 1786 1976 1786 1974 1786 1906 1786 1904 1786 1902 1786 1869 1799 1824 1786 1822 1786 1820 1786 1818 1786 1816 1786 1794 1799 1794 1801 1747 1801 1670 1801 1624 1786 1622 1786 1620 1786 1618 1786 1615 1786 1596 1799 1492 1788 1490 1788 1422 1799 1369 1786 1367 1786 1364 1786 1362 1786 1318 1801 1316 1801 1250 1788 1248 1788 1246 1788 1199 1801 1109 1788 1107 1788 1028 1801 957 1788 955 1788 840 1801 777 1788 774 1788 583 1801 543 1788 541 1788 402 1788 400 1788 398 1788 367 1801 365 1823"/></Shape>
	    <String CONTENT="d’échecs sur la petite table laquée et se demanda à haute voix:"
                    HPOS="365"
                    VPOS="1786"
                    WIDTH="1937"
                    HEIGHT="77"
                    WC="0.9963663112033497"></String>
          </TextLine>

          
          
          <TextLine ID="eSc_line_e2785112"
                    TAGREFS="LT4125"
                    BASELINE="482 1960 2267 1964" 
                    HPOS="479"
                    VPOS="1905"
                    WIDTH="1788"
                    HEIGHT="75">
            <Shape><Polygon POINTS="482 1960 479 1975 2263 1980 2267 1964 2263 1909 2106 1920 2089 1909 2086 1907 2084 1907 2082 1907 1807 1907 1805 1907 1802 1907 1800 1907 1796 1911 1780 1920 1752 1911 1739 1907 1736 1907 1734 1907 1732 1907 1730 1907 1725 1911 1708 1925 1642 1925 1600 1911 1578 1907 1576 1907 1574 1907 1543 1914 1494 1922 1481 1914 1472 1907 1470 1907 1468 1907 1402 1907 1400 1907 1397 1907 1395 1907 1389 1914 1380 1920 1369 1914 1360 1905 1358 1905 1356 1905 1353 1905 1351 1905 1327 1914 1309 1920 1274 1914 1221 1905 1219 1905 1217 1905 1188 1916 1171 1922 631 1922 620 1918 574 1905 572 1905 570 1905 567 1905 565 1905 548 1918 543 1920 482 1920 482 1960"/></Shape>
	    <String CONTENT="— Comment avez-vous réussi, Monsieur André Bafuleuse ?"
                    HPOS="479"
                    VPOS="1905"
                    WIDTH="1788"
                    HEIGHT="75"
                    WC="0.9987032935023308"></String>
          </TextLine>

          
          
          <TextLine ID="eSc_line_83d5ade7"
                    TAGREFS="LT4125"
                    BASELINE="479 2087 2670 2083" 
                    HPOS="477"
                    VPOS="2024"
                    WIDTH="2193"
                    HEIGHT="83">
            <Shape><Polygon POINTS="2657 2039 2564 2024 2562 2024 2560 2024 2529 2041 2370 2041 2333 2024 2331 2024 2329 2024 2326 2024 2324 2024 2298 2041 2227 2041 2183 2024 2181 2024 2179 2024 2177 2024 2146 2041 1939 2041 1888 2024 1886 2024 1884 2024 1882 2024 1820 2039 1774 2024 1772 2024 1769 2024 1767 2024 1765 2024 1741 2039 1695 2024 1692 2024 1690 2024 1688 2024 1648 2039 1607 2024 1604 2024 1602 2024 1600 2024 1598 2024 1567 2043 1501 2043 1463 2026 1461 2026 1459 2026 1457 2026 1426 2041 1290 2041 1265 2026 1263 2026 1261 2026 1259 2026 1257 2026 1201 2039 1157 2026 1155 2026 1153 2026 1151 2026 1100 2041 1058 2026 1056 2026 1054 2026 1052 2026 1010 2037 968 2026 966 2026 964 2026 962 2026 924 2041 900 2026 898 2026 895 2026 779 2026 777 2026 774 2026 772 2026 750 2041 658 2041 512 2026 510 2026 508 2026 477 2041 479 2087 479 2101 2665 2107 2670 2083 2665 2050 2657 2039"/></Shape>
	    <String CONTENT="Cette nuit-là, à bord d’un avion de huit places aménagé en salon,"
                    HPOS="477"
                    VPOS="2024"
                    WIDTH="2193"
                    HEIGHT="83"
                    WC="0.9996281015700188"></String>
          </TextLine>

          
          
          <TextLine ID="eSc_line_de08cd56"
                    TAGREFS="LT4125"
                    BASELINE="369 2175 2676 2169" 
                    HPOS="367"
                    VPOS="2114"
                    WIDTH="2309"
                    HEIGHT="79">
            <Shape><Polygon POINTS="369 2175 369 2193 2674 2186 2676 2169 2672 2129 2177 2114 2175 2114 2095 2127 2067 2114 2064 2114 2062 2114 2060 2114 2020 2129 1805 2129 1756 2116 1754 2116 1752 2116 1750 2116 1710 2129 1668 2116 1666 2116 1664 2116 1662 2116 1637 2127 1596 2116 1593 2116 1591 2116 1589 2116 1541 2131 1171 2131 1142 2116 1140 2116 1138 2116 973 2131 933 2118 931 2118 929 2118 790 2131 715 2118 501 2118 499 2118 367 2134 369 2175"/></Shape>
	    <String CONTENT="confortablement installé sur un canapé de fourrure riveté à la carlingue"
                    HPOS="367"
                    VPOS="2114"
                    WIDTH="2309"
                    HEIGHT="79"
                    WC="0.9953486213558599"></String>
          </TextLine>

          
          
          <TextLine ID="eSc_line_bfa12c58"
                    TAGREFS="LT4125"
                    BASELINE="372 2266 2676 2261" 
                    HPOS="369"
                    VPOS="2206"
                    WIDTH="2307"
                    HEIGHT="77">
            <Shape><Polygon POINTS="372 2283 2674 2279 2676 2261 2674 2219 2650 2206 2648 2206 2646 2206 2643 2206 2641 2206 2595 2222 2485 2222 2456 2206 2454 2206 2452 2206 2377 2219 2309 2206 2307 2206 2304 2206 2258 2219 2223 2206 2221 2206 2219 2206 2216 2206 2183 2222 2086 2222 2058 2206 2056 2206 1917 2206 1915 2206 1840 2219 1785 2206 1783 2206 1780 2206 1778 2206 1741 2219 1582 2208 1580 2208 1483 2222 1408 2208 1406 2208 1144 2222 1122 2208 1120 2208 1118 2208 1116 2208 990 2219 937 2208 935 2208 933 2208 900 2222 836 2208 834 2208 832 2208 788 2224 603 2224 537 2208 534 2208 369 2224 372 2266"/></Shape>
	    <String CONTENT="sous la moquette, le Roi se sentait, en toute sécurité, la proie du démon de"
                    HPOS="369"
                    VPOS="2206"
                    WIDTH="2307"
                    HEIGHT="77"
                    WC="0.9764433623869208"></String>
          </TextLine>

          
          
          <TextLine ID="eSc_line_d9b4a73c"
                    TAGREFS="LT4125"
                    BASELINE="372 2356 717 2356" 
                    HPOS="372"
                    VPOS="2301"
                    WIDTH="345"
                    HEIGHT="70">
            <Shape><Polygon POINTS="372 2356 372 2371 717 2371 717 2356 717 2316 614 2316 592 2301 589 2301 587 2301 585 2301 499 2314 385 2301 383 2301 380 2301 378 2301 378 2303 372 2310 372 2356"/></Shape>
	    <String CONTENT="l’aventure."
                    HPOS="372"
                    VPOS="2301"
                    WIDTH="345"
                    HEIGHT="70"
                    WC="0.9964176253838972"></String>
          </TextLine>

          
          
          <TextLine ID="eSc_line_525866be"
                    TAGREFS="LT4125"
                    BASELINE="477 2477 2679 2472" 
                    HPOS="475"
                    VPOS="2415"
                    WIDTH="2204"
                    HEIGHT="77">
            <Shape><Polygon POINTS="477 2477 477 2492 2676 2488 2679 2472 2674 2431 2595 2415 2593 2415 2516 2431 2128 2431 1985 2415 1983 2415 1981 2415 1979 2415 1954 2431 1684 2431 1600 2415 1598 2415 1596 2415 1554 2431 1554 2433 1518 2433 1340 2433 1287 2417 1285 2417 1283 2417 1281 2417 1235 2431 1122 2417 1120 2417 984 2431 902 2417 900 2417 898 2417 854 2433 726 2433 693 2417 691 2417 689 2417 603 2428 495 2417 493 2417 490 2417 488 2417 475 2426 477 2477"/></Shape>
	    <String CONTENT="Il arrive que l’on préfère le mot «piège&quot; pour désigner cette machine"
                    HPOS="475"
                    VPOS="2415"
                    WIDTH="2204"
                    HEIGHT="77"></String>
          </TextLine>

          
          
          <TextLine ID="eSc_line_0a01a0dc"
                    TAGREFS="LT4125"
                    BASELINE="367 2567 2679 2560" 
                    HPOS="365"
                    VPOS="2505"
                    WIDTH="2314"
                    HEIGHT="77">
            <Shape><Polygon POINTS="367 2567 367 2582 2676 2576 2679 2560 2674 2516 2571 2505 2569 2505 2566 2505 2564 2505 2547 2516 2540 2521 2293 2521 2285 2516 2243 2505 2241 2505 2238 2505 2159 2519 2150 2519 2142 2519 2071 2505 2069 2505 1998 2519 1992 2519 1987 2519 1908 2505 1906 2505 1904 2505 1880 2519 1875 2521 1844 2519 1692 2508 1690 2508 1598 2521 1589 2521 1585 2521 1536 2508 1534 2508 1532 2508 1530 2508 1527 2508 1505 2521 1503 2523 1426 2523 1417 2521 1193 2508 1190 2508 1116 2523 1109 2523 1100 2523 988 2510 986 2510 854 2523 763 2510 761 2510 623 2523 521 2510 519 2510 517 2510 482 2525 365 2525 367 2567"/></Shape>
	    <String CONTENT="au plus ancien «zinc” de l’argot des pilotes. Un piège donc survolait"
                    HPOS="365"
                    VPOS="2505"
                    WIDTH="2314"
                    HEIGHT="77"
                    WC="0.9977808466979435"></String>
          </TextLine>

          
          
          <TextLine ID="eSc_line_8bb048b3"
                    TAGREFS="LT4125"
                    BASELINE="369 2657 2676 2651" 
                    HPOS="367"
                    VPOS="2598"
                    WIDTH="2309"
                    HEIGHT="86">
            <Shape><Polygon POINTS="369 2657 369 2673 981 2684 984 2684 986 2684 1014 2673 1014 2670 1596 2670 1613 2670 1866 2681 1869 2681 1963 2668 1976 2668 1994 2668 2115 2679 2117 2679 2247 2668 2260 2668 2285 2668 2593 2679 2595 2679 2674 2666 2676 2651 2672 2611 2503 2611 2500 2609 2478 2598 2476 2598 2474 2598 2472 2598 2432 2609 2390 2598 2388 2598 2386 2598 2384 2598 2337 2609 2335 2609 2208 2598 2205 2598 1950 2609 1891 2613 1613 2613 1607 2609 1593 2600 1591 2600 1589 2600 1587 2600 1541 2609 1525 2611 1496 2609 1408 2600 1406 2600 1404 2600 1375 2609 1367 2611 1362 2609 1345 2600 1342 2600 1208 2600 1206 2600 1204 2600 1201 2600 1188 2609 1184 2611 1179 2609 1160 2600 1157 2600 1155 2600 1153 2600 1122 2609 1102 2613 1036 2609 955 2602 953 2602 898 2609 849 2613 367 2609 369 2657"/></Shape>
	    <String CONTENT="l’Auvergne, un piège tout doré et orné comme pour une fête vulgaire par"
                    HPOS="367"
                    VPOS="2598"
                    WIDTH="2309"
                    HEIGHT="86"
                    WC="0.9928476826349895"></String>
          </TextLine>

          
          
          <TextLine ID="eSc_line_8c33418a"
                    TAGREFS="LT4125"
                    BASELINE="369 2745 2679 2745" 
                    HPOS="369"
                    VPOS="2690"
                    WIDTH="2310"
                    HEIGHT="82">
            <Shape><Polygon POINTS="369 2745 369 2761 629 2761 653 2772 656 2772 658 2772 777 2761 966 2772 968 2772 1100 2761 1298 2772 1301 2772 1303 2772 1338 2761 1532 2772 1534 2772 2679 2758 2679 2745 2679 2706 2007 2690 2005 2690 2003 2690 2001 2690 1979 2703 1926 2690 1924 2690 1921 2690 1919 2690 1917 2690 1895 2703 1869 2692 1866 2692 1864 2692 1780 2703 1697 2690 1695 2690 1439 2703 1378 2690 1375 2690 1312 2703 1263 2690 1261 2690 1065 2690 1063 2690 957 2703 895 2690 893 2690 891 2690 858 2703 799 2690 796 2690 651 2703 398 2692 396 2692 394 2692 369 2703 369 2745"/></Shape>
	    <String CONTENT="tout un apprêt de guirlandes, de serpentins et de lampions. Tout en se"
                    HPOS="369"
                    VPOS="2690"
                    WIDTH="2310"
                    HEIGHT="82"
                    WC="0.9948862908591687"></String>
          </TextLine>

          
          
          <TextLine ID="eSc_line_276dcb62"
                    TAGREFS="LT4125"
                    BASELINE="369 2838 2676 2829" 
                    HPOS="367"
                    VPOS="2774"
                    WIDTH="2309"
                    HEIGHT="92">
            <Shape><Polygon POINTS="369 2838 372 2866 422 2853 755 2864 792 2864 794 2864 812 2864 926 2853 1032 2862 1047 2862 1050 2862 1052 2862 1054 2862 1083 2851 1441 2857 1565 2860 1567 2860 1569 2860 1576 2857 1593 2849 1791 2849 1862 2855 1928 2860 1930 2860 1990 2853 2036 2849 2674 2849 2676 2829 2670 2778 2628 2787 2595 2778 2580 2774 2577 2774 2575 2774 2573 2774 2558 2778 2531 2787 2507 2778 2494 2774 2492 2774 2489 2774 2461 2778 2423 2787 2401 2780 2384 2774 2381 2774 2379 2774 2377 2774 2355 2780 2329 2787 2300 2780 2269 2774 2267 2774 2265 2774 2263 2774 2252 2780 2238 2789 2027 2789 2005 2783 1983 2776 1981 2776 1979 2776 1917 2785 1873 2789 1855 2785 1829 2776 1827 2776 1824 2776 1822 2776 1789 2785 1772 2789 1754 2785 1719 2776 1717 2776 1714 2776 1712 2776 1688 2785 1679 2791 1455 2791 1439 2787 1402 2778 1400 2778 1397 2778 1395 2778 1373 2789 1364 2791 1353 2789 1318 2778 1316 2778 1314 2778 1261 2789 1248 2791 1221 2789 1089 2778 1087 2778 1085 2778 1063 2789 904 2780 902 2780 843 2794 836 2794 803 2794 462 2780 460 2780 367 2796 369 2838"/></Shape>
	    <String CONTENT="poivrant la gueule, qu’’il avait douce, rasée de près et parfumée, le Roi"
                    HPOS="367"
                    VPOS="2774"
                    WIDTH="2309"
                    HEIGHT="92"
                    WC="0.996622168704083"></String>
          </TextLine>

          
          
          <TextLine ID="eSc_line_a1c3fed8"
                    TAGREFS="LT4125"
                    BASELINE="365 2930 2676 2923" 
                    HPOS="363"
                    VPOS="2864"
                    WIDTH="2313"
                    HEIGHT="92">
            <Shape><Polygon POINTS="365 2930 365 2956 433 2943 832 2954 884 2954 887 2954 922 2952 1138 2941 1307 2941 1325 2950 1327 2952 1329 2952 1331 2952 1334 2952 2674 2939 2676 2923 2672 2879 2549 2864 2547 2864 2474 2879 2470 2879 2465 2879 2428 2864 2425 2864 2423 2864 2421 2864 2395 2879 2390 2882 2318 2882 2315 2879 2271 2864 2269 2864 2267 2864 2190 2879 2188 2879 2186 2879 2139 2864 2137 2864 2135 2864 2133 2864 2104 2879 2102 2882 1983 2882 1981 2879 1906 2864 1904 2864 1902 2864 1871 2879 1869 2882 1855 2879 1758 2866 1756 2866 1618 2882 1602 2882 1598 2882 1556 2866 1554 2866 1552 2866 1549 2866 1510 2882 1505 2882 1490 2882 1307 2866 1305 2866 1303 2866 1274 2882 1272 2882 1230 2871 1228 2871 1226 2871 1149 2882 1146 2882 1144 2882 1102 2868 1100 2868 1098 2868 1096 2868 1058 2882 1052 2886 957 2886 948 2882 887 2868 884 2868 882 2868 843 2884 838 2884 834 2884 785 2868 783 2868 781 2868 779 2868 752 2884 748 2886 589 2886 585 2884 559 2868 556 2868 554 2868 484 2882 389 2868 387 2868 385 2868 383 2868 363 2877 365 2930"/></Shape>
	    <String CONTENT="jouait avec le fou noir et s’efforçait, mélancolique, de répondre à la"
                    HPOS="363"
                    VPOS="2864"
                    WIDTH="2313"
                    HEIGHT="92"
                    WC="0.9912533752016119"></String>
          </TextLine>

          
          
          <TextLine ID="eSc_line_3515e16e"
                    TAGREFS="LT4125"
                    BASELINE="369 3018 1574 3014" 
                    HPOS="367"
                    VPOS="2956"
                    WIDTH="1207"
                    HEIGHT="84">
            <Shape><Polygon POINTS="369 3018 369 3031 1530 3040 1532 3040 1534 3040 1574 3027 1574 3014 1571 2972 1521 2956 1518 2956 1516 2956 1514 2956 1483 2972 1294 2972 1259 2956 1257 2956 1254 2956 1252 2956 1250 2956 1250 2959 1237 2972 1179 2972 1151 2956 1149 2956 1146 2956 1144 2956 1142 2956 1122 2967 1111 2959 1111 2956 1109 2956 1107 2956 1105 2956 1102 2956 1069 2967 1036 2956 1034 2956 1032 2956 1030 2956 1028 2956 1012 2970 970 2956 968 2956 966 2956 964 2956 933 2972 906 2959 904 2959 902 2959 640 2972 534 2959 532 2959 367 2974 369 3018"/></Shape>
	    <String CONTENT="question qu’il s’était à lui-même posée."
                    HPOS="367"
                    VPOS="2956"
                    WIDTH="1207"
                    HEIGHT="84"
                    WC="0.9919388578696684"></String>
          </TextLine>

          
          
          <TextLine ID="eSc_line_c01ea60a"
                    TAGREFS="LT4125"
                    BASELINE="475 3137 2672 3132" 
                    HPOS="473"
                    VPOS="3075"
                    WIDTH="2199"
                    HEIGHT="77">
            <Shape><Polygon POINTS="475 3137 475 3152 2670 3150 2672 3132 2668 3091 2516 3075 2514 3075 2511 3075 2509 3075 2485 3091 2375 3091 2320 3075 2318 3075 2315 3075 2230 3088 2194 3075 2192 3075 2190 3075 2188 3075 2139 3088 2069 3075 2067 3075 1987 3088 1941 3075 1939 3075 1937 3075 1800 3088 1752 3075 1750 3075 1747 3075 1745 3075 1701 3088 1670 3075 1668 3075 1666 3075 1664 3075 1622 3086 1576 3075 1574 3075 1571 3075 1569 3075 1567 3075 1547 3091 1479 3077 1477 3077 1411 3093 1265 3093 1212 3077 1210 3077 1208 3077 1206 3077 1204 3077 1182 3093 1080 3093 1034 3077 1032 3077 1030 3077 889 3091 761 3077 759 3077 757 3077 755 3077 735 3091 596 3091 523 3077 521 3077 519 3077 473 3093 475 3137"/></Shape>
	    <String CONTENT="Alors qu’il passait au-dessus d’un bois de sapins, l’avion fit un écart."
                    HPOS="473"
                    VPOS="3075"
                    WIDTH="2199"
                    HEIGHT="77"
                    WC="0.9953967692100838"></String>
          </TextLine>

          
          
          <TextLine ID="eSc_line_19ee558c"
                    TAGREFS="LT4125"
                    BASELINE="367 3229 2679 3223" 
                    HPOS="365"
                    VPOS="3163"
                    WIDTH="2314"
                    HEIGHT="84">
            <Shape><Polygon POINTS="367 3229 367 3240 2659 3247 2661 3247 2663 3247 2665 3247 2679 3236 2679 3223 2676 3179 2639 3163 2637 3163 2635 3163 2632 3163 2595 3179 2432 3179 2408 3165 2406 3165 2403 3165 2401 3165 2368 3176 2326 3163 2324 3163 2322 3163 2320 3163 2271 3176 2227 3163 2225 3163 2223 3163 2164 3176 2106 3163 2104 3163 2102 3163 2100 3163 2097 3163 2073 3179 1959 3179 1910 3163 1908 3163 1906 3163 1904 3163 1855 3179 1855 3181 1734 3181 1734 3179 1706 3165 1703 3165 1701 3165 1699 3165 1655 3179 1655 3181 1596 3181 1441 3181 1411 3165 1408 3165 1406 3165 1353 3176 1325 3165 1323 3165 1320 3165 1318 3165 1274 3179 1164 3165 1162 3165 1096 3181 1089 3183 990 3183 988 3181 966 3168 964 3168 962 3168 959 3168 862 3181 856 3181 851 3181 794 3168 675 3168 673 3168 671 3168 642 3181 638 3181 545 3168 543 3168 462 3181 460 3181 457 3181 383 3168 380 3168 378 3168 376 3168 365 3174 367 3229"/></Shape>
	    <String CONTENT="Le salon fut brutalement illuminé par une lueur d’incendie. Le Roi regarda"
                    HPOS="365"
                    VPOS="3163"
                    WIDTH="2314"
                    HEIGHT="84"
                    WC="0.9933232013384501"></String>
          </TextLine>

          
          
          <TextLine ID="eSc_line_e47f8ba3"
                    TAGREFS="LT4125"
                    BASELINE="367 3319 2672 3313" 
                    HPOS="365"
                    VPOS="3256"
                    WIDTH="2307"
                    HEIGHT="90">
            <Shape><Polygon POINTS="367 3319 367 3346 468 3333 2668 3337 2672 3313 2668 3271 2591 3271 2566 3256 2564 3256 2562 3256 2560 3256 2368 3269 2333 3256 2331 3256 2212 3256 2210 3256 2208 3256 2168 3271 2053 3271 1990 3256 1987 3256 1886 3271 1769 3258 1767 3258 1710 3269 1615 3258 1613 3258 1611 3258 1580 3271 1479 3260 1477 3260 1151 3271 1098 3260 1096 3260 1003 3273 506 3260 504 3260 365 3275 367 3319"/></Shape>
	    <String CONTENT="par le hublot et se sentit vaguement excité. Sur un signe qu’il fit au pilote,"
                    HPOS="365"
                    VPOS="3256"
                    WIDTH="2307"
                    HEIGHT="90"
                    WC="0.9938751338403436"></String>
          </TextLine>

          
          
          <TextLine ID="eSc_line_83d75b2e"
                    TAGREFS="LT4125"
                    BASELINE="372 3405 2672 3399" 
                    HPOS="369"
                    VPOS="3346"
                    WIDTH="2303"
                    HEIGHT="79">
            <Shape><Polygon POINTS="372 3405 372 3425 2670 3418 2672 3399 2665 3359 2439 3359 2432 3359 2395 3346 2392 3346 2390 3346 2388 3346 2386 3346 2366 3359 2362 3361 2194 3361 2186 3359 2137 3346 2135 3346 2133 3346 2130 3346 2100 3359 2095 3361 1941 3361 1937 3359 1908 3346 1906 3346 1904 3346 1902 3346 1853 3359 1840 3361 1824 3359 1789 3348 1787 3348 1785 3348 1783 3348 1747 3359 1734 3361 1714 3359 1657 3348 1655 3348 1653 3348 1613 3359 1598 3361 1444 3361 1439 3359 1424 3348 1422 3348 1419 3348 1417 3348 1373 3359 1356 3361 1336 3359 1281 3348 1279 3348 1235 3359 1226 3359 1212 3359 1140 3348 1138 3348 1135 3348 1133 3348 1118 3359 1113 3361 1098 3359 1063 3350 1061 3350 1058 3350 1056 3350 1045 3359 1034 3363 889 3359 695 3350 693 3350 369 3357 372 3405"/></Shape>
	    <String CONTENT="l’appareil commença à décrire des cercles de plus en plus serrés autour"
                    HPOS="369"
                    VPOS="3346"
                    WIDTH="2303"
                    HEIGHT="79"
                    WC="0.9977991120020548"></String>
          </TextLine>

          
          
          <TextLine ID="eSc_line_d4d6b372"
                    TAGREFS="LT4125"
                    BASELINE="372 3495 1413 3491" 
                    HPOS="369"
                    VPOS="3438"
                    WIDTH="1044"
                    HEIGHT="88">
            <Shape><Polygon POINTS="372 3495 372 3513 860 3526 862 3526 865 3526 898 3513 900 3513 926 3513 1276 3524 1279 3524 1413 3511 1413 3491 1408 3454 1360 3454 1345 3438 1342 3438 1340 3438 1338 3438 1336 3438 1298 3451 1259 3438 1257 3438 1254 3438 1155 3451 1025 3438 1023 3438 1021 3438 990 3454 882 3454 772 3454 759 3440 757 3440 755 3440 752 3440 669 3454 612 3440 609 3440 607 3440 515 3454 400 3440 398 3440 396 3440 369 3454 372 3495"/></Shape>
	    <String CONTENT="d’une gigantesque colonne de feu."
                    HPOS="369"
                    VPOS="3438"
                    WIDTH="1044"
                    HEIGHT="88"
                    WC="0.9968045895749872"></String>
          </TextLine>

          
        </TextBlock>
        

        
      </PrintSpace>
    </Page>
  </Layout>
</alto>
