3060 3960
488 363 2186 85 — C’est M. le Député. Il a payé le coup aux hommes. Alors, comme on ne

369 455 1053 79 peut pas tous descendre des cars...

482 572 902 72 — Bon, bon, fait le lieutenant.

477 690 2204 77 Il regarde le député sans sympathie et a un imperceptible haussement

369 778 2305 80 d’épaules à l’intention de son supérieur. Le commandant s’est dressé pour

372 884 2298 64 apercevoir le gendarme et crie à son tour pour couvrir le bruit des marteaux:

484 992 2155 75 — Allez me chercher le sergent Manchetti. Envoyez-le-moi tout de suite.

479 1111 2202 79 Et comme l’autre reste planté là, avec ses bouteilles, le lieutenant se met

372 1199 273 79 à hurler.

482 1322 686 83 — Vous avez entendu?

479 1438 714 86 — Oui, mon Lieutenant.

477 1562 2204 74 Avant de revenir vers la table, le lieutenant songeur le suit un moment

372 1654 2309 73 des veux, qui s’éloigne, trébuchant dans le chemin rocailleux. La voix du

369 1744 1013 71 commandant le tire de sa rêverie.

477 1861 2067 75 — Fermez la fenêtre, Fournier. Avec ces marteaux on ne s’entend plus.

477 1984 2197 75 Le lieutenant obéit. Il s’attarde un moment à regarder les enfants qui

372 2070 2309 88 gesticulent autour de l’innocent. Lorsqu’il revient à la table, Boyer est en

372 2162 464 75 train de parler.

488 2281 2193 75 — Le Léon, c’est l’aîné des Charvaysse, le Tonton, comme on dit. C’est

369 2369 2307 77 les enfants qui lui ont donné ce sobriquet. Les enfants, ils l’adorent c't

369 2461 2312 75 homme, à cause qu’il leur fait des jouets et tout... Tenez, ces mitraillettes en

372 2552 2304 77 bois que vous avez vu qu’ils trimbalent, c’est lui. Bon, donc ils étaient quatre

372 2642 2302 81 fils, les Charvaysse : le Tonton, le Mistigri — son vrai nom c’est Michel;

369 2728 2307 81 après, il y avait l’André, et puis le curé, Géraud. L’André, il est mort, mais il

369 2820 2307 77 a eu le temps de faire quatre enfants, tout comme le Mistigri. Ils habitent de

372 2910 1644 77 l’autre côté de la vallée, sur la Bastide Albe- pierre...

482 3036 1391 72 Le commandant a un mouvement d’impatience.

479 3150 1700 86 — Et Cayenne, qu’est-ce que ça vient foutre là dedans?

482 3273 2188 77 Boyer reste silencieux. Il fixe la pancarte au dessus de la carte muette.

369 3361 2237 82 Le lieutenant regarde sa montre. Le député se contraint à rompre le silence.
