<?xml version="1.0" encoding="UTF-8"?>
<alto xmlns:xsi="http://www.w3.org/2001/XMLSchema-instance"
      xmlns="http://www.loc.gov/standards/alto/ns-v4#"
      xsi:schemaLocation="http://www.loc.gov/standards/alto/ns-v4# http://www.loc.gov/standards/alto/v4/alto-4-2.xsd">
  <Description>
    <MeasurementUnit>pixel</MeasurementUnit>
    <sourceImageInformation>
      <fileName>page_00111.png</fileName>
      
    </sourceImageInformation>
  </Description>
  
  <Tags>
    <OtherTag ID="BT10547" LABEL="MainZone" DESCRIPTION="block type MainZone"/><OtherTag ID="BT10548" LABEL="NumberingZone" DESCRIPTION="block type NumberingZone"/><OtherTag ID="BT10549" LABEL="RunningTitleZone" DESCRIPTION="block type RunningTitleZone"/><OtherTag ID="BT10550" LABEL="TitlePageZone" DESCRIPTION="block type TitlePageZone"/><OtherTag ID="BT10551" LABEL="MarginTextZone" DESCRIPTION="block type MarginTextZone"/><OtherTag ID="BT10552" LABEL="QuireMarksZone" DESCRIPTION="block type QuireMarksZone"/>
    <OtherTag ID="LT4125" LABEL="DefaultLine" DESCRIPTION="line type DefaultLine"/><OtherTag ID="LT4126" LABEL="HeadingLine" DESCRIPTION="line type HeadingLine"/><OtherTag ID="LT4127" LABEL="default" DESCRIPTION="line type default"/>
  </Tags>
  
  <Layout>
    <Page WIDTH="3060"
          HEIGHT="3960"
          PHYSICAL_IMG_NR="107"
          ID="eSc_dummypage_">
      <PrintSpace HPOS="0"
                  VPOS="0"
                  WIDTH="3060"
                  HEIGHT="3960">
        
        <TextBlock HPOS="347.66168212890625"
                   VPOS="284.09991455078125"
                   WIDTH="2357.8898315429688"
                   HEIGHT="3264.9435424804688"
                   ID="block_0"
                   TAGREFS="BT10547">
          <Shape><Polygon POINTS="347.662 284.1 2705.55 284.1 2705.55 3549.04 347.662 3549.04 347.662 284.1"/></Shape>
          
          
          <TextLine ID="eSc_line_0306d942"
                    TAGREFS="LT4125"
                    BASELINE="493 415 2672 422" 
                    HPOS="490"
                    VPOS="358"
                    WIDTH="2182"
                    HEIGHT="88">
            <Shape><Polygon POINTS="2670 409 2650 374 2632 367 2626 367 2604 367 2582 367 2560 367 2538 367 2516 367 2494 367 2489 367 2175 378 2148 378 2139 378 2031 363 2029 363 2027 363 1996 378 1994 378 1992 378 1950 363 1943 363 1930 363 1891 376 1690 360 1688 360 1686 360 1629 376 1626 376 1560 360 1558 360 1556 360 1499 374 1389 360 1386 360 1384 360 1382 360 1358 376 1325 360 1323 360 1320 360 1230 376 1221 376 1212 376 1164 365 1162 365 973 374 964 374 962 374 911 358 909 358 906 358 843 374 840 374 838 374 794 358 792 358 790 358 788 358 730 374 726 376 671 376 667 374 645 358 642 358 640 358 638 358 636 358 598 374 594 374 493 374 493 415 490 429 623 444 625 446 792 446 792 444 794 444 796 444 812 433 840 444 843 444 845 444 847 444 876 433 2668 444 2672 422 2670 409 2670 409"/></Shape>
	    <String CONTENT="— Quand c’était au tour à Chtouki d’mener, il s’est gourré d’patelin,"
                    HPOS="490"
                    VPOS="358"
                    WIDTH="2182"
                    HEIGHT="88"
                    WC="0.9955616965889931"></String>
          </TextLine>

          
          
          <TextLine ID="eSc_line_b6daf9c7"
                    TAGREFS="LT4125"
                    BASELINE="372 510 1001 510" 
                    HPOS="372"
                    VPOS="457"
                    WIDTH="629"
                    HEIGHT="73">
            <Shape><Polygon POINTS="372 510 372 530 1001 530 1001 510 1001 473 706 457 704 457 702 457 662 470 372 470 372 510"/></Shape>
	    <String CONTENT="commence Ramos..."
                    HPOS="372"
                    VPOS="457"
                    WIDTH="629"
                    HEIGHT="73"
                    WC="0.9981828822809107"></String>
          </TextLine>

          
          
          <TextLine ID="eSc_line_1fd2ca9f"
                    TAGREFS="LT4125"
                    BASELINE="479 627 1512 631" 
                    HPOS="477"
                    VPOS="569"
                    WIDTH="1035"
                    HEIGHT="88">
            <Shape><Polygon POINTS="479 627 477 638 667 655 669 655 975 653 977 653 979 653 995 642 1028 655 1030 655 1032 655 1144 646 1250 657 1252 657 1254 657 1257 657 1257 655 1270 644 1510 644 1512 631 1510 589 1334 589 1331 587 1290 572 1287 572 1285 572 1283 572 1281 572 1263 587 1235 572 1232 572 1177 572 1175 572 1173 572 1171 572 1171 574 1157 585 1019 572 1017 572 1014 572 1012 572 1012 574 999 587 997 587 867 587 867 585 834 569 832 569 829 569 761 585 757 585 702 585 662 585 649 572 649 569 647 569 645 569 642 569 640 569 603 583 572 569 570 569 567 569 565 569 563 569 563 572 550 585 548 585 479 585 479 627"/></Shape>
	    <String CONTENT="— M’appelle pas Chtouki, tu veux."
                    HPOS="477"
                    VPOS="569"
                    WIDTH="1035"
                    HEIGHT="88"
                    WC="0.9720772251938329"></String>
          </TextLine>

          
          
          <TextLine ID="eSc_line_e7633e9a"
                    TAGREFS="LT4125"
                    BASELINE="482 748 2676 748" 
                    HPOS="482"
                    VPOS="693"
                    WIDTH="2194"
                    HEIGHT="83">
            <Shape><Polygon POINTS="2485 697 2465 697 2439 706 2179 706 2150 693 2148 693 2146 693 1994 704 1950 693 1948 693 1946 693 1943 693 1895 708 1723 708 1651 693 1648 693 1646 693 1644 693 1622 708 1516 708 1411 693 1408 693 1345 706 1303 693 1301 693 1151 693 1149 693 1146 693 1144 693 1120 708 1003 708 891 693 889 693 805 706 728 693 726 693 653 706 567 693 565 693 482 706 482 748 482 763 686 776 689 776 1118 765 2599 776 2602 776 2676 763 2676 748 2676 708 2516 708 2496 697 2485 697"/></Shape>
	    <String CONTENT="— Bon, bon, faut pas t&#x27; fâcher. J&#x27; veux dire, quand c’était ton tour, t’as pas"
                    HPOS="482"
                    VPOS="693"
                    WIDTH="2194"
                    HEIGHT="83"
                    WC="0.9936512261629105"></String>
          </TextLine>

          
          
          <TextLine ID="eSc_line_1025bca7"
                    TAGREFS="LT4125"
                    BASELINE="369 842 2679 836" 
                    HPOS="367"
                    VPOS="781"
                    WIDTH="2312"
                    HEIGHT="79">
            <Shape><Polygon POINTS="369 842 369 860 2676 858 2679 836 2674 794 2591 781 2588 781 2586 781 2558 792 2230 781 2227 781 2225 781 2201 794 1902 794 1270 783 1268 783 1109 796 1054 785 1052 785 748 796 451 785 449 785 367 798 369 842"/></Shape>
	    <String CONTENT="retrouvé ton petit bled peinard. Remarque, c’est pas un reproche, celui qu&#x27; tu"
                    HPOS="367"
                    VPOS="781"
                    WIDTH="2312"
                    HEIGHT="79"
                    WC="0.9905843742286102"></String>
          </TextLine>

          
          
          <TextLine ID="eSc_line_210b5e56"
                    TAGREFS="LT4125"
                    BASELINE="372 930 1589 930" 
                    HPOS="372"
                    VPOS="873"
                    WIDTH="1217"
                    HEIGHT="75">
            <Shape><Polygon POINTS="372 930 372 948 1589 948 1589 930 1589 891 1441 873 1439 873 1437 873 1389 886 1298 873 1296 873 1294 873 1292 873 1292 875 1281 886 1138 886 1080 873 1078 873 1076 873 1074 873 1032 888 1019 875 1019 873 1017 873 1014 873 1012 873 847 886 834 875 834 873 832 873 829 873 772 873 770 873 768 873 728 886 638 873 636 873 634 873 631 873 631 875 616 891 372 891 372 930"/></Shape>
	    <String CONTENT="nous as dégotté valait sûrement l’autre..."
                    HPOS="372"
                    VPOS="873"
                    WIDTH="1217"
                    HEIGHT="75"
                    WC="0.987079464064704"></String>
          </TextLine>

          
          
          <TextLine ID="eSc_line_0f12b7e4"
                    TAGREFS="LT4125"
                    BASELINE="482 1049 2683 1049" 
                    HPOS="482"
                    VPOS="990"
                    WIDTH="2201"
                    HEIGHT="77">
            <Shape><Polygon POINTS="482 1049 482 1067 2683 1067 2683 1049 2683 1003 2663 994 2661 994 2659 994 2657 994 2621 1005 2619 1005 2617 1005 2577 990 2575 990 2573 990 2571 990 2569 990 2544 1005 2542 1007 2403 1007 2401 1005 2362 990 2359 990 2357 990 2355 990 2353 990 2329 1005 2326 1005 2254 990 2252 990 2249 990 2194 1005 2192 1005 2190 1005 2135 994 2133 994 2001 1005 1992 1005 1985 1005 1853 990 1851 990 1849 990 1847 990 1822 1005 1820 1007 1765 1007 1761 1005 1659 990 1657 990 1655 990 1615 1005 1580 992 1578 992 1501 990 1499 990 1496 990 1494 990 1472 1003 1406 990 1404 990 1402 990 1373 1005 1371 1007 1318 1007 1316 1005 1248 990 1246 990 1243 990 1204 1005 1173 990 1171 990 1100 990 1098 990 1032 1005 1030 1005 935 990 933 990 931 990 929 990 904 1005 902 1007 812 1007 812 1005 772 990 770 990 768 990 766 990 763 990 737 1005 737 1007 671 1007 669 1005 640 990 638 990 576 990 574 990 572 990 570 990 543 1005 543 1007 482 1007 482 1049"/></Shape>
	    <String CONTENT="— Moi, c&#x27; que j&#x27; voulais dire, dit Chtouki en s’adressant au Barbeau, c’est"
                    HPOS="482"
                    VPOS="990"
                    WIDTH="2201"
                    HEIGHT="77"
                    WC="0.9924577601750691"></String>
          </TextLine>

          
          
          <TextLine ID="eSc_line_c1e875ec"
                    TAGREFS="LT4125"
                    BASELINE="372 1141 2676 1137" 
                    HPOS="369"
                    VPOS="1080"
                    WIDTH="2307"
                    HEIGHT="79">
            <Shape><Polygon POINTS="372 1141 372 1159 2674 1157 2676 1137 2670 1089 2558 1093 2544 1089 2522 1080 2520 1080 2518 1080 2516 1080 2485 1089 2470 1093 2454 1089 2430 1080 2428 1080 2425 1080 2423 1080 2397 1089 2384 1095 2267 1095 2241 1089 2177 1080 2175 1080 2172 1080 2170 1080 2155 1091 2146 1095 2051 1095 2040 1091 2014 1082 2012 1082 2009 1082 1917 1091 1910 1091 1904 1091 1767 1080 1765 1080 1701 1093 1692 1095 1505 1095 1496 1093 1461 1082 1459 1082 1457 1082 1393 1093 1382 1095 1373 1093 1331 1082 1329 1082 1327 1082 1325 1082 1298 1095 1296 1097 975 1097 966 1095 706 1082 704 1082 627 1095 449 1082 446 1082 369 1097 372 1141"/></Shape>
	    <String CONTENT="qu’à t’voir fonctionner on croirait qu’on a gagné à la loterie. D’accord, c’est à"
                    HPOS="369"
                    VPOS="1080"
                    WIDTH="2307"
                    HEIGHT="79"
                    WC="0.9948023515589097"></String>
          </TextLine>

          
          
          <TextLine ID="eSc_line_5490caba"
                    TAGREFS="LT4125"
                    BASELINE="374 1229 2315 1229" 
                    HPOS="374"
                    VPOS="1177"
                    WIDTH="1941"
                    HEIGHT="72">
            <Shape><Polygon POINTS="374 1229 374 1247 2313 1249 2315 1229 2315 1190 2243 1177 2241 1177 2177 1188 1747 1177 1745 1177 1651 1188 1646 1190 1468 1190 1466 1188 1444 1177 1441 1177 1439 1177 1391 1188 1389 1188 1386 1188 1358 1177 1356 1177 1353 1177 1281 1188 1276 1188 1274 1188 1248 1177 1246 1177 1243 1177 1151 1188 1144 1188 1142 1188 1129 1177 1127 1177 1124 1177 1122 1177 1021 1188 1008 1188 955 1188 537 1177 534 1177 374 1185 374 1229"/></Shape>
	    <String CONTENT="toi d’ mener, mais jusqu’à présent, t’as rien prévu, rien organisé..."
                    HPOS="374"
                    VPOS="1177"
                    WIDTH="1941"
                    HEIGHT="72"
                    WC="0.9875926097778425"></String>
          </TextLine>

          
          
          <TextLine ID="eSc_line_805c6949"
                    TAGREFS="LT4125"
                    BASELINE="484 1344 959 1353" 
                    HPOS="482"
                    VPOS="1287"
                    WIDTH="477"
                    HEIGHT="88">
            <Shape><Polygon POINTS="484 1344 482 1353 638 1375 640 1375 957 1361 959 1353 959 1317 902 1317 902 1315 880 1295 880 1293 878 1293 876 1293 873 1293 871 1293 849 1302 843 1293 840 1293 840 1291 838 1291 836 1291 834 1291 653 1306 605 1287 603 1287 600 1287 598 1287 596 1287 559 1309 556 1309 484 1309 484 1344"/></Shape>
	    <String CONTENT="— Organisé!..."
                    HPOS="482"
                    VPOS="1287"
                    WIDTH="477"
                    HEIGHT="88"
                    WC="0.9692954778671264"></String>
          </TextLine>

          
          
          <TextLine ID="eSc_line_196f374b"
                    TAGREFS="LT4125"
                    BASELINE="479 1469 1721 1469" 
                    HPOS="479"
                    VPOS="1412"
                    WIDTH="1242"
                    HEIGHT="75">
            <Shape><Polygon POINTS="479 1469 479 1487 1721 1487 1721 1469 1721 1427 1569 1412 1567 1412 1496 1425 1494 1427 1422 1427 1422 1425 1408 1414 1408 1412 1406 1412 1404 1412 1349 1412 1347 1412 1345 1412 1342 1412 1342 1414 1329 1425 1246 1412 1188 1412 1186 1412 1184 1412 1182 1412 1182 1414 1168 1425 1168 1427 1091 1427 1091 1425 1063 1412 1061 1412 1058 1412 1056 1412 1012 1425 1010 1425 1008 1425 964 1412 962 1412 959 1412 957 1412 926 1425 924 1425 887 1412 884 1412 882 1412 814 1425 807 1427 574 1427 570 1425 537 1412 534 1412 532 1412 479 1423 479 1469"/></Shape>
	    <String CONTENT="Ramos pouffe de rire; Chtouki continue:"
                    HPOS="479"
                    VPOS="1412"
                    WIDTH="1242"
                    HEIGHT="75"
                    WC="0.9913458533776112"></String>
          </TextLine>

          
          
          <TextLine ID="eSc_line_b51f1008"
                    TAGREFS="LT4125"
                    BASELINE="482 1590 2676 1586" 
                    HPOS="479"
                    VPOS="1531"
                    WIDTH="2197"
                    HEIGHT="77">
            <Shape><Polygon POINTS="2659 1540 2637 1540 2615 1537 2608 1537 2595 1542 2412 1531 2410 1531 2408 1531 2406 1531 2388 1544 2245 1544 2186 1531 2183 1531 2181 1531 2179 1531 2161 1544 1968 1544 1884 1531 1882 1531 1679 1542 1633 1531 1631 1531 1629 1531 1547 1544 1481 1533 1479 1533 1419 1544 1356 1533 1353 1533 1006 1544 889 1533 887 1533 713 1544 563 1533 561 1533 479 1546 482 1590 482 1608 2674 1603 2676 1586 2674 1544 2661 1540 2659 1540"/></Shape>
	    <String CONTENT="— Rien organisé, oui. Jusqu’à présent t’as su qu’éponger. Ça tout l&#x27; monde"
                    HPOS="479"
                    VPOS="1531"
                    WIDTH="2197"
                    HEIGHT="77"
                    WC="0.9817071534410308"></String>
          </TextLine>

          
          
          <TextLine ID="eSc_line_6294ed64"
                    TAGREFS="LT4125"
                    BASELINE="372 1680 2676 1680" 
                    HPOS="372"
                    VPOS="1623"
                    WIDTH="2304"
                    HEIGHT="75">
            <Shape><Polygon POINTS="372 1680 372 1698 2676 1698 2676 1680 2676 1636 2529 1623 2527 1623 2525 1623 2481 1634 2137 1623 2135 1623 2133 1623 2130 1623 2111 1636 1972 1636 1873 1623 1871 1623 1785 1634 1741 1623 1739 1623 1736 1623 1734 1623 1710 1636 1404 1636 1331 1623 1329 1623 1327 1623 1303 1636 973 1636 867 1623 865 1623 785 1634 708 1623 706 1623 620 1634 596 1623 594 1623 444 1623 442 1623 372 1634 372 1680"/></Shape>
	    <String CONTENT="sait faire. Quand j&#x27; pense que c’t&#x27; argent on s’est fait suer à l’ gagner, heure"
                    HPOS="372"
                    VPOS="1623"
                    WIDTH="2304"
                    HEIGHT="75"
                    WC="0.9916728668742709"></String>
          </TextLine>

          
          
          <TextLine ID="eSc_line_57e58f3f"
                    TAGREFS="LT4125"
                    BASELINE="372 1773 2674 1766" 
                    HPOS="369"
                    VPOS="1711"
                    WIDTH="2305"
                    HEIGHT="86">
            <Shape><Polygon POINTS="372 1773 372 1797 479 1786 1019 1786 1065 1793 1091 1797 1094 1797 1135 1793 1219 1784 1246 1793 1254 1795 1257 1795 1259 1795 1296 1793 1382 1784 1525 1790 1629 1795 1631 1797 1862 1797 1862 1795 1904 1788 1941 1782 2115 1782 2126 1786 2135 1793 2137 1793 2139 1793 2142 1793 2179 1786 2205 1782 2216 1786 2234 1793 2236 1793 2238 1793 2674 1782 2674 1766 2668 1729 2492 1729 2485 1729 2410 1711 2408 1711 2406 1711 2355 1727 1935 1729 1833 1713 1831 1713 1829 1713 1785 1731 1783 1731 1730 1713 1728 1713 1725 1713 1723 1713 1690 1724 1459 1720 1457 1720 1382 1731 1327 1713 1325 1713 1323 1713 1248 1724 1186 1713 1184 1713 1036 1733 1032 1733 1028 1733 924 1716 922 1716 722 1733 700 1720 697 1720 695 1720 532 1716 530 1716 528 1716 526 1716 497 1733 477 1720 475 1720 473 1720 391 1720 389 1720 387 1720 385 1720 369 1729 372 1773"/></Shape>
	    <String CONTENT="par heure... Moi quand j’ai commencé, j’ai eu su prendre mes"
                    HPOS="369"
                    VPOS="1711"
                    WIDTH="2305"
                    HEIGHT="86"
                    WC="0.9873904898518422"></String>
          </TextLine>

          
          
          <TextLine ID="eSc_line_b4967711"
                    TAGREFS="LT4125"
                    BASELINE="372 1861 2608 1861" 
                    HPOS="372"
                    VPOS="1804"
                    WIDTH="2236"
                    HEIGHT="74">
            <Shape><Polygon POINTS="372 1861 372 1876 2606 1878 2608 1861 2608 1819 2346 1804 2344 1804 2238 1817 2181 1804 2179 1804 2177 1804 2175 1804 2130 1819 2007 1819 1858 1804 1855 1804 1723 1817 1701 1804 1699 1804 1697 1804 1560 1804 1558 1804 1556 1804 1554 1804 1530 1819 1076 1819 1021 1804 1019 1804 1017 1804 955 1817 935 1804 933 1804 931 1804 862 1804 860 1804 858 1804 832 1817 805 1804 803 1804 638 1804 636 1804 634 1804 609 1817 372 1817 372 1861"/></Shape>
	    <String CONTENT="responsabilités. Nos éconocro-ques, c’était sacré, j&#x27; savais les ménager..."
                    HPOS="372"
                    VPOS="1804"
                    WIDTH="2236"
                    HEIGHT="74"></String>
          </TextLine>

          
          
          <TextLine ID="eSc_line_dae2f27a"
                    TAGREFS="LT4125"
                    BASELINE="484 1975 2505 1980" 
                    HPOS="482"
                    VPOS="1920"
                    WIDTH="2023"
                    HEIGHT="84">
            <Shape><Polygon POINTS="484 1975 482 1991 585 2004 587 2004 2503 1995 2505 1980 2503 1940 2322 1922 2320 1922 2225 1938 1981 1938 1937 1922 1935 1922 1932 1922 1930 1922 1928 1922 1906 1936 1840 1922 1838 1922 1836 1922 1833 1922 1811 1938 1809 1938 1567 1938 1543 1938 1415 1920 1413 1920 1411 1920 1369 1931 1353 1920 1351 1920 1349 1920 1212 1920 1210 1920 1208 1920 1206 1920 1184 1936 1182 1936 1063 1920 1061 1920 984 1936 979 1938 730 1938 728 1936 713 1925 711 1925 708 1925 706 1925 704 1925 669 1936 664 1936 662 1936 634 1920 631 1920 629 1920 484 1933 484 1975"/></Shape>
	    <String CONTENT="— C’est pour ça qu’on a failli s&#x27; retrouver au charbon, coupe Ramos."
                    HPOS="482"
                    VPOS="1920"
                    WIDTH="2023"
                    HEIGHT="84"
                    WC="0.9990711851396422"></String>
          </TextLine>

          
          
          <TextLine ID="eSc_line_cace383e"
                    TAGREFS="LT4125"
                    BASELINE="484 2096 2108 2101" 
                    HPOS="482"
                    VPOS="2039"
                    WIDTH="1626"
                    HEIGHT="86">
            <Shape><Polygon POINTS="484 2096 482 2109 585 2123 587 2123 1188 2114 1325 2125 1327 2125 2106 2114 2108 2101 2108 2057 2086 2041 2084 2041 2082 2041 2080 2041 2007 2052 1866 2041 1864 2041 1862 2041 1860 2041 1847 2052 1833 2041 1831 2041 1829 2041 1827 2041 1752 2057 1523 2057 1452 2057 1450 2057 1406 2041 1404 2041 1402 2041 1400 2041 1349 2057 1345 2057 1294 2057 1265 2057 1232 2039 1230 2039 1228 2039 1226 2039 1188 2054 1173 2041 1173 2039 1171 2039 1168 2039 1166 2039 1067 2054 995 2054 984 2054 946 2041 944 2041 942 2041 755 2054 739 2054 711 2039 708 2039 706 2039 704 2039 656 2054 651 2054 647 2054 585 2039 583 2039 581 2039 578 2039 561 2054 559 2054 484 2054 484 2096"/></Shape>
	    <String CONTENT="— On s’y est retrouvé? demande rageusement Chtouki."
                    HPOS="482"
                    VPOS="2039"
                    WIDTH="1626"
                    HEIGHT="86"
                    WC="0.9889603750063822"></String>
          </TextLine>

          
          
          <TextLine ID="eSc_line_efd84494"
                    TAGREFS="LT4125"
                    BASELINE="482 2217 1829 2219" 
                    HPOS="479"
                    VPOS="2160"
                    WIDTH="1350"
                    HEIGHT="84">
            <Shape><Polygon POINTS="482 2217 479 2230 587 2244 589 2244 1827 2233 1829 2219 1829 2178 1805 2160 1802 2160 1800 2160 1670 2160 1668 2160 1666 2160 1664 2160 1664 2162 1655 2171 1646 2164 1646 2162 1644 2162 1642 2162 1640 2162 1505 2173 1463 2162 1461 2162 1459 2162 1457 2162 1419 2173 1389 2160 1386 2160 1287 2160 1285 2160 1283 2160 1281 2160 1281 2162 1261 2178 1067 2164 1065 2164 1063 2164 1034 2178 988 2160 986 2160 984 2160 981 2160 979 2160 979 2162 964 2178 858 2178 755 2178 752 2178 711 2160 708 2160 706 2160 704 2160 660 2178 656 2178 651 2178 581 2160 578 2160 576 2160 574 2160 574 2162 559 2178 556 2178 482 2178 482 2217"/></Shape>
	    <String CONTENT="— On n’a pas eu le temps, dit lentement Saïd."
                    HPOS="479"
                    VPOS="2160"
                    WIDTH="1350"
                    HEIGHT="84"
                    WC="0.9848642556563668"></String>
          </TextLine>

          
          
          <TextLine ID="eSc_line_4ecd7c34"
                    TAGREFS="LT4125"
                    BASELINE="484 2336 2417 2340" 
                    HPOS="482"
                    VPOS="2279"
                    WIDTH="1935"
                    HEIGHT="88">
            <Shape><Polygon POINTS="2410 2296 2038 2281 2036 2281 1930 2296 1926 2296 1924 2296 1875 2281 1873 2281 1871 2281 1787 2296 1783 2296 1776 2296 1712 2281 1710 2281 1708 2281 1681 2296 1677 2299 1587 2299 1569 2296 1419 2279 1417 2279 1415 2279 1353 2294 1217 2279 1215 2279 1212 2279 1166 2294 1164 2294 1162 2294 1094 2283 1091 2283 900 2294 884 2294 882 2294 867 2283 865 2283 862 2283 860 2283 858 2283 818 2294 816 2294 814 2294 783 2279 781 2279 779 2279 777 2279 746 2294 744 2294 741 2294 686 2279 684 2279 682 2279 484 2292 484 2336 482 2349 642 2365 645 2365 724 2354 750 2365 752 2365 755 2365 757 2365 759 2365 777 2354 799 2365 801 2365 803 2365 1171 2354 1571 2367 1574 2367 2414 2354 2417 2340 2414 2303 2410 2296"/></Shape>
	    <String CONTENT="— Mais c’est pas votre faute, dit Marguerite enlaçant le Barbeau."
                    HPOS="482"
                    VPOS="2279"
                    WIDTH="1935"
                    HEIGHT="88"
                    WC="0.9944662578178175"></String>
          </TextLine>

          
          
          <TextLine ID="eSc_line_9439e34e"
                    TAGREFS="LT4125"
                    BASELINE="482 2464 2674 2457" 
                    HPOS="479"
                    VPOS="2400"
                    WIDTH="2195"
                    HEIGHT="79">
            <Shape><Polygon POINTS="482 2464 482 2479 2672 2479 2674 2457 2668 2402 2599 2413 2520 2402 2503 2400 2500 2400 2498 2400 2492 2402 2461 2415 2381 2415 2359 2402 2357 2400 2355 2400 2353 2400 2351 2400 2304 2402 2159 2413 2124 2404 2111 2400 2108 2400 2106 2400 2082 2404 2027 2413 1990 2404 1974 2400 1972 2400 1970 2400 1968 2400 1959 2404 1937 2417 1785 2417 1763 2404 1756 2402 1754 2402 1752 2402 1750 2402 1739 2404 1706 2415 1677 2404 1675 2404 1673 2404 1670 2404 1640 2404 1466 2415 1419 2406 1395 2402 1393 2402 1391 2402 1373 2406 1336 2417 1155 2420 1003 2420 984 2409 979 2404 977 2404 975 2404 973 2404 909 2409 770 2417 706 2409 669 2404 667 2404 479 2409 482 2464"/></Shape>
	    <String CONTENT="Le Noir regarde ses mains longues et douces, lourdement baguées. Il"
                    HPOS="479"
                    VPOS="2400"
                    WIDTH="2195"
                    HEIGHT="79"
                    WC="0.9958903175943038"></String>
          </TextLine>

          
          
          <TextLine ID="eSc_line_144a0bed"
                    TAGREFS="LT4125"
                    BASELINE="374 2552 2650 2552" 
                    HPOS="374"
                    VPOS="2494"
                    WIDTH="2276"
                    HEIGHT="75">
            <Shape><Polygon POINTS="374 2552 374 2569 2650 2569 2650 2552 2650 2508 2569 2494 2566 2494 2388 2505 2315 2494 2313 2494 2258 2505 2230 2494 2227 2494 2225 2494 2139 2505 1818 2494 1816 2494 1813 2494 1811 2494 1791 2508 1576 2508 1428 2494 1426 2494 1424 2494 1395 2505 1320 2494 1318 2494 1250 2505 1124 2494 1122 2494 1120 2494 1096 2508 581 2508 490 2494 488 2494 374 2505 374 2552"/></Shape>
	    <String CONTENT="souffle sur une pierre violette et la frotte sur sa chemise pour la faire briller."
                    HPOS="374"
                    VPOS="2494"
                    WIDTH="2276"
                    HEIGHT="75"
                    WC="0.9989244189204239"></String>
          </TextLine>

          
          
          <TextLine ID="eSc_line_82f0d3cc"
                    TAGREFS="LT4125"
                    BASELINE="479 2664 2674 2670" 
                    HPOS="477"
                    VPOS="2609"
                    WIDTH="2197"
                    HEIGHT="83">
            <Shape><Polygon POINTS="479 2664 477 2679 581 2692 583 2692 2672 2686 2674 2670 2672 2631 2450 2613 2448 2613 2445 2613 2395 2629 2392 2631 2252 2631 2247 2629 2199 2613 2197 2613 2194 2613 2089 2629 2078 2629 2067 2629 1941 2611 1939 2611 1862 2626 1780 2611 1721 2611 1719 2611 1717 2611 1714 2611 1690 2626 1622 2611 1620 2611 1446 2626 1433 2626 1419 2626 1279 2611 1276 2611 1274 2611 1219 2626 1210 2626 1201 2626 1118 2609 1045 2609 1043 2609 1041 2609 1003 2624 913 2609 911 2609 909 2609 873 2624 871 2626 649 2626 647 2624 612 2609 609 2609 607 2609 479 2622 479 2664"/></Shape>
	    <String CONTENT="— Personne s’en plaint... J’ai pas envie d’les abîmer, moi, mes mimines."
                    HPOS="477"
                    VPOS="2609"
                    WIDTH="2197"
                    HEIGHT="83"
                    WC="0.998916116479325"></String>
          </TextLine>

          
          
          <TextLine ID="eSc_line_3b5cca3c"
                    TAGREFS="LT4125"
                    BASELINE="372 2761 2674 2756" 
                    HPOS="369"
                    VPOS="2701"
                    WIDTH="2305"
                    HEIGHT="77">
            <Shape><Polygon POINTS="372 2761 372 2778 2672 2776 2674 2756 2670 2714 2602 2701 2599 2701 2597 2701 2562 2712 2562 2714 2388 2714 2386 2712 2368 2701 2366 2701 2364 2701 2362 2701 2359 2701 2318 2712 2315 2712 2313 2712 2236 2701 2234 2701 2150 2712 2144 2714 1873 2714 1871 2712 1844 2701 1842 2701 1840 2701 1633 2712 1600 2712 1589 2712 1523 2701 1521 2701 1518 2701 1483 2712 1468 2714 1437 2710 1373 2703 1371 2703 1331 2710 1312 2714 1303 2710 1287 2703 1285 2703 1283 2703 1168 2710 1098 2714 1087 2710 1069 2703 1067 2703 1065 2703 1063 2703 1041 2710 1025 2714 986 2710 929 2703 926 2703 878 2710 843 2714 369 2710 372 2761"/></Shape>
	    <String CONTENT="Et puis d’quoi qu’on s&#x27; plaindrait maintenant qu’on a trouvé les femmes les"
                    HPOS="369"
                    VPOS="2701"
                    WIDTH="2305"
                    HEIGHT="77"
                    WC="0.9927513042562887"></String>
          </TextLine>

          
          
          <TextLine ID="eSc_line_7b128898"
                    TAGREFS="LT4125"
                    BASELINE="372 2853 1061 2846" 
                    HPOS="369"
                    VPOS="2789"
                    WIDTH="692"
                    HEIGHT="86">
            <Shape><Polygon POINTS="372 2853 372 2875 1010 2864 1039 2873 1041 2873 1043 2873 1045 2873 1047 2873 1061 2862 1061 2846 1058 2800 1039 2789 1036 2789 1034 2789 1032 2789 1030 2789 986 2802 959 2789 957 2789 955 2789 953 2789 951 2789 951 2791 937 2805 777 2805 744 2791 741 2791 739 2791 737 2791 735 2791 735 2794 722 2807 671 2807 598 2791 596 2791 594 2791 559 2807 545 2794 543 2794 541 2794 539 2794 537 2794 499 2805 416 2794 413 2794 411 2794 369 2809 372 2853"/></Shape>
	    <String CONTENT="plus belles du monde!"
                    HPOS="369"
                    VPOS="2789"
                    WIDTH="692"
                    HEIGHT="86"
                    WC="0.9974633540425982"></String>
          </TextLine>

          
          
          <TextLine ID="eSc_line_73a9f176"
                    TAGREFS="LT4125"
                    BASELINE="482 2970 2676 2970" 
                    HPOS="482"
                    VPOS="2912"
                    WIDTH="2194"
                    HEIGHT="84">
            <Shape><Polygon POINTS="482 2970 482 2983 607 2996 609 2996 825 2985 1893 2985 1913 2996 1915 2996 1917 2996 1919 2996 2676 2983 2676 2970 2672 2926 2646 2912 2643 2912 2641 2912 2639 2912 2586 2928 2478 2912 2476 2912 2263 2928 2241 2930 2190 2930 2186 2928 2159 2912 2157 2912 2155 2912 2153 2912 2108 2926 2100 2928 1805 2928 1798 2923 1758 2912 1756 2912 1754 2912 1703 2923 1699 2923 1695 2923 1622 2912 1620 2912 1618 2912 1615 2912 1600 2923 1589 2930 1457 2930 1444 2921 1433 2915 1430 2915 1428 2915 1426 2915 1334 2921 1268 2926 1248 2921 1217 2912 1215 2912 1212 2912 1210 2912 1184 2921 1164 2926 1144 2919 1127 2915 1124 2915 1122 2915 1120 2915 1118 2915 1111 2919 1096 2928 1063 2919 1034 2912 1032 2912 1030 2912 966 2919 882 2928 812 2917 770 2912 768 2912 766 2912 748 2917 717 2926 482 2917 482 2970"/></Shape>
	    <String CONTENT="Marguerite sourit tendrement au Barbeau pour le remercier de"
                    HPOS="482"
                    VPOS="2912"
                    WIDTH="2194"
                    HEIGHT="84"
                    WC="0.991441410779953"></String>
          </TextLine>

          
          
          <TextLine ID="eSc_line_d7e0b732"
                    TAGREFS="LT4125"
                    BASELINE="374 3060 730 3060" 
                    HPOS="374"
                    VPOS="3011"
                    WIDTH="356"
                    HEIGHT="69">
            <Shape><Polygon POINTS="374 3060 374 3080 730 3080 730 3060 730 3020 374 3011 374 3060"/></Shape>
	    <String CONTENT="l’hommage."
                    HPOS="374"
                    VPOS="3011"
                    WIDTH="356"
                    HEIGHT="69"
                    WC="0.9996086239814759"></String>
          </TextLine>

          
          
          <TextLine ID="eSc_line_941cd336"
                    TAGREFS="LT4125"
                    BASELINE="484 3179 2674 3179" 
                    HPOS="484"
                    VPOS="3121"
                    WIDTH="2190"
                    HEIGHT="88">
            <Shape><Polygon POINTS="484 3179 484 3194 739 3207 741 3207 964 3196 970 3196 975 3196 1078 3207 1080 3209 1080 3207 1182 3196 1188 3196 1197 3196 1386 3207 1389 3207 1518 3196 1530 3196 2419 3196 2436 3196 2529 3207 2531 3207 2674 3196 2674 3179 2674 3137 2599 3124 2597 3124 2406 3135 2377 3121 2375 3121 2373 3121 2188 3132 2067 3121 2064 3121 2062 3121 2029 3135 1979 3121 1976 3121 1974 3121 1893 3135 1712 3121 1710 3121 1708 3121 1655 3135 1560 3121 1558 3121 1556 3121 1554 3121 1532 3135 1455 3124 1452 3124 1261 3135 1219 3124 1217 3124 1215 3124 1212 3124 1210 3124 1190 3137 977 3137 953 3124 951 3124 948 3124 946 3124 909 3135 860 3121 858 3121 856 3121 686 3135 600 3121 598 3121 596 3121 594 3121 570 3137 484 3137 484 3179"/></Shape>
	    <String CONTENT="— Alors, qu’est-ce que tu comptes faire? demande Chtouki. Tu comptes"
                    HPOS="484"
                    VPOS="3121"
                    WIDTH="2190"
                    HEIGHT="88"
                    WC="0.9981178422184551"></String>
          </TextLine>

          
          
          <TextLine ID="eSc_line_6684bfe2"
                    TAGREFS="LT4125"
                    BASELINE="372 3271 594 3267" 
                    HPOS="369"
                    VPOS="3212"
                    WIDTH="225"
                    HEIGHT="88">
            <Shape><Polygon POINTS="372 3271 372 3300 534 3284 543 3286 570 3295 572 3295 574 3295 576 3295 578 3295 594 3282 594 3267 587 3214 433 3223 427 3223 380 3212 378 3212 376 3212 374 3212 374 3214 369 3216 372 3271"/></Shape>
	    <String CONTENT="jouer?"
                    HPOS="369"
                    VPOS="3212"
                    WIDTH="225"
                    HEIGHT="88"
                    WC="0.995528926452001"></String>
          </TextLine>

          
          
          <TextLine ID="eSc_line_59fe2cd2"
                    TAGREFS="LT4125"
                    BASELINE="486 3388 2340 3388" 
                    HPOS="486"
                    VPOS="3333"
                    WIDTH="1854"
                    HEIGHT="85">
            <Shape><Polygon POINTS="486 3405 741 3418 744 3418 2340 3407 2340 3388 2340 3348 2130 3348 2078 3333 2075 3333 2073 3333 1992 3346 1941 3333 1939 3333 1937 3333 1935 3333 1932 3333 1915 3348 1851 3348 1800 3333 1798 3333 1796 3333 1794 3333 1750 3348 1607 3348 1554 3333 1552 3333 1549 3333 1547 3333 1545 3333 1525 3348 1448 3348 1371 3333 1369 3333 1367 3333 1364 3333 1345 3346 1312 3333 1309 3333 1111 3333 1109 3333 1107 3333 1105 3333 1087 3348 847 3348 805 3335 803 3335 801 3335 636 3346 572 3333 570 3333 567 3333 565 3333 545 3348 486 3348 486 3388"/></Shape>
	    <String CONTENT="— J&#x27; compte gagner, dit le Barbeau, le regardant dans les yeux."
                    HPOS="486"
                    VPOS="3333"
                    WIDTH="1854"
                    HEIGHT="85"
                    WC="0.9921940565109253"></String>
          </TextLine>

          
          
          <TextLine ID="eSc_line_82c31be1"
                    TAGREFS="LT4125"
                    BASELINE="486 3504 1455 3509" 
                    HPOS="484"
                    VPOS="3449"
                    WIDTH="971"
                    HEIGHT="90">
            <Shape><Polygon POINTS="486 3504 484 3517 645 3537 647 3537 774 3533 777 3533 779 3533 779 3531 788 3524 803 3533 805 3533 807 3533 810 3533 812 3533 814 3533 832 3522 924 3533 926 3533 929 3533 931 3533 944 3524 953 3531 953 3533 955 3533 957 3533 959 3533 1069 3524 1140 3539 1142 3539 1314 3524 1353 3539 1356 3539 1358 3539 1452 3522 1455 3509 1450 3456 1318 3467 1219 3456 1160 3451 1157 3451 1155 3451 1153 3451 1153 3454 1149 3458 1138 3469 1014 3469 995 3458 973 3449 970 3449 968 3449 966 3449 946 3460 937 3465 933 3460 924 3451 924 3449 922 3449 920 3449 851 3449 849 3449 847 3449 845 3449 845 3451 834 3460 834 3462 832 3460 810 3449 807 3449 805 3449 803 3449 801 3449 801 3451 790 3460 785 3467 649 3467 636 3462 585 3449 583 3449 581 3449 578 3449 576 3449 576 3451 563 3462 561 3465 486 3465 486 3504"/></Shape>
	    <String CONTENT="— Gagner! Où t’as vu jouer ça?"
                    HPOS="484"
                    VPOS="3449"
                    WIDTH="971"
                    HEIGHT="90"
                    WC="0.9817770309746265"></String>
          </TextLine>

          
        </TextBlock>
        

        
      </PrintSpace>
    </Page>
  </Layout>
</alto>
