3060 3960
367 363 2307 85 démange déjà, c’est seulement histoire de l’émma- licer; depuis quelques

367 453 2303 86 jours elle ne sait plus quoi inventer, avec cet air de dire qu’elle a toujours:

369 543 2307 75 crève vieux con, et va te faire faire lanlaire... Bonloup, exactement comme

369 631 2307 88 sa mère!... Mais pour sûr, il va te la dresser, lui apprendre à craindre pour

372 723 845 73 ce qui est de la cabriole!...

479 838 2200 81 Les yeux du vieux se plissent. Il rigole intérieurement. Il se sent capable

369 930 2305 84 de porter le Diable en terre. Tranquillement il continue de se curer les dents;

369 1020 960 77 il regarde les hommes et attend.

484 1137 2197 79 — Bon, voilà, fait Saïd. On était ouvriers à Clermont. Maintenant, on

367 1229 1431 86 cherche de l’embauche pour l'reste d’la saison.

482 1353 2192 77 Méfiance ou ruse, le front de Mistigri se ride davantage, ses sourcils se

369 1443 1669 75 rejoignent, ses yeux deviennent semblables à des fentes.

479 1559 1286 86 — Qu’est-ce que vous faisiez, à Clermont?

479 1678 1352 88 On travaillait dans Fpneu. Chez Michelin.

486 1804 200 81 — Ah.

482 1922 669 84 — On a pris un congé.

479 2041 2195 82 Il y a une pause. C’est au tour des trois hommes d’attendre. Dans leur dos,

372 2131 2304 80 ils sentent les femmes s’activer. Elles ne disent mot, mais les examinent avec

372 2224 933 72 une circonspection gourmande.

479 2345 775 81 — Vous savez maçonner?

482 2461 1274 80 Les hommes hochent la tête de haut en bas.

482 2578 429 86 — Menuiser?

479 2699 2195 79 Le vieux regarde par la fenêtre l’orage qui continue de se déchaîner, puis

374 2794 2065 74 ses yeux reviennent cueillir la nouvelle assertion muette des hommes.

486 2915 1156 83 — Si vous craignez pas à la besogne...

479 3036 2197 72 Il y a une protestation silencieuse. Saïd pense à Ramos qu’ils ont laissé

374 3121 330 88 au village.

482 3242 2197 86 — C’est qu’on est quatre, dit-il. On a un camarade qu’est resté en bas à la

374 3335 246 72 voiture.
