3060 3960
479 393 2197 75 L’image est bleutée, rayée, un peu cotonneuse et tremblotante. Dans le

369 481 2305 77 cadre ovale, faussement absorbé dans l’étude d’un coup, le Roi est assis

372 576 1950 81 devant un échiquier aux pièces gigantesques. Ivoire contre ébène.

482 693 2199 85 Question contre réponse, il lève la tête pour répondre à la voix

369 783 1378 86 journalistique qui lui arrive par intermittence.

475 899 2204 77 QUESTION. — Monsieur Bafuleuse, vous avez, au cours d’une existence

372 996 2307 79 bien remplie réussi à poursuivre jusqu’au succès un certain nombre

369 1082 2310 75 d’entreprises. Vos avions ont, intentionnellement, des noms que vous avez

367 1174 2305 73 choisis et qui font rêver. Ils parcourent le monde et attestent partout eux-

369 1260 659 84 mêmes leur qualité...

482 1388 2190 77 RÉPONSE. — Votre question veut donc dire : Comment avez-vous réussi,

369 1469 1394 77 monsieur Bafuleuse? C’est cela, n’est-ce pas?

475 1590 2199 88 QUESTION. — C’est exact. Je crois que c’est précisément ce que nos

372 1698 1014 59 téléspectateurs aimeraient savoir.

479 1799 2197 77 RÉPONSE. — Eh bien, c’est une, question qui m’est souvent venue. Et ce

369 1892 2305 85 soir, puisque vous me la posez, je vais m’efforcer d’y répondre... En somme,

369 1982 2307 77 c’est très simple... Sans fausse modestie — et je sais que le mot va devenir à

372 2074 2302 73 la mode — je dirai que je me suis efforcé de ne pas manquer d’imagination.

374 2164 2305 73 Avec l’équipe que j’ai moi-même formée, j’ai beaucoup travaillé et ne me

372 2250 2309 79 suis jamais laissé décourager par les difficultés. J’ai la passion de mon

372 2345 2304 72 travail et sais, par volonté, écarter tout ce qui pourrait m’en détourner. J’ai

372 2435 2304 73 une vie privée simple et heureuse. Mon entourage sait la tâche que je me suis

374 2525 2307 73 assignée et s’emploie entièrement à me préserver, à faire en sorte de tout

374 2615 1774 73 faire concourir afin que je puisse mener cette œuvre à bien.

477 2730 2204 86 QUESTION. —... Et cette œuvre est une réussite exemplaire. Vous avez

369 2822 2307 75 beaucoup travaillé, et vous avez réussi. Mais une question me vient: Quelle

369 2910 1378 77 a été la part de la Chance dans cette réussite?

479 3029 2197 77 RÉPONSE. — Eh bien, je vais vous dire : je crois à la Providence, mais

369 3119 2307 77 aussi à la persévérance. Aide-toi et le Ciel t’aidera, c’est ce que je voudrais

369 3212 2305 77 dire aux jeunes qui m’écoutent. Il n’est pas nécessaire d’hériter pour réussir.

369 3300 2307 77 Il suffit de persévérer, car chacun a son Etoile, chacun a sa Voie tracée dans

372 3394 2307 77 le Ciel de toute Eternité. Ce que je veux dire, c’est que sur cette terre chacun

369 3480 1260 79 a sa place au soleil, il suffit de se la faire.
