3060 3960
486 360 2193 95 — Les drôllas, les drôllas... Ses femmes, il les tenait pourtant serré. Et

372 453 1382 83 puis sa femme, c’était une véritable forteresse.

479 569 967 88 L’aubergiste hausse les épaules.

484 690 2192 88 — Quand la révolte gronde, d’forteresse, plus n’y en a. C' que femme

376 787 220 75 veut...

479 899 2197 77 Après avoir mis en fuite le patriarche, les femmes étaient revenues dans

374 992 2305 75 la cour. Elles se regardèrent: la Mariette manquait à l’appel. Sans doute

369 1080 2305 81 était-elle encore dans l’allée. Elle avait été la plus acharnée à la poursuite;

369 1170 2307 79 elle était descendue le plus bas, jusque dans la coursière ; il était normal

369 1260 1013 84 qu’elle fût la dernière à remonter.

477 1377 2204 81 Arrivée au chemin bordé d’ormes, Mariette s’arrêta. Ses traits étaient

369 1471 2310 77 toujours tendus, ses lèvres serrées, ses veux durs. D’un revers de doigt elle

369 1562 2314 72 essuya sa bouche d’où coulait un peu de salive. Elle resta un moment

369 1652 2307 77 immobile, respirant fort, puis elle attaqua le raidillon qui permet d’arriver à

374 1742 1666 75 la ferme en droite ligne en évitant les détours de l’allée.

479 1861 2200 75 Avant de franchir la poterne qui donne accès à la cour, elle s’arrêta

369 1953 2312 75 encore. Avec une poignée de mousse, elle décrotta ses chaussures du

369 2041 2307 77 dimanche de la boue qui les souillait. Elle jeta le bouchon, se rajusta, se

372 2134 1191 74 recoiffa du mieux qu’elle put et repartit.

477 2248 2199 90 A mesure qu’elle approchait des hommes, ses traits reprenaient leur

367 2343 2309 77 calme, son pas devenait nonchalant, avec affectation. De temps en temps, elle

374 2435 1955 75 faisait un détour pour éviter de patauger dans une flaque de fange.

479 2552 1350 83 La voici enfin qui arrive tout près du groupe.

479 2670 2197 77 Les femmes et les étrangers se sont rapprochés. Les hommes ont l’air

372 2761 2307 85 gêné; les femmes leur sourient timidement, gênées elles aussi de leur liberté

372 2855 2307 73 toute neuve. A cause du soleil qui est encore bas et qu’elle reçoit en pleine

372 2943 2311 84 figure, Mariette cligne des yeux. Elle en profite pour détailler sournoisement

372 3031 2307 75 Saïd à travers ses cils : il fume en silence et la regarde s’avancer ; il tire

374 3126 2305 72 lentement sur sa cigarette, avale une grande partie de la fumée, recrache le

367 3212 2309 77 reste par le nez. Mariette s’est immobilisée. Elle ne se lasserait pas de le

369 3304 295 84 regarder.

482 3423 2199 75 Personne ne dit rien. On ne peut guère entendre que le chuchotis de l’eau

372 3513 2302 77 qui se déverse dans le bâchât. Par intervalles viennent s’y mêler des
