3060 3960
477 387 434 86 Ouah! Ouah!

477 510 584 84 Clairon Trompette

479 629 579 92 Qui chie, qui pète,

482 752 570 86 Qui prend son cul

477 875 667 82 Pour une trompette...

475 985 229 77 Ouah!

482 1117 2194 71 Les galopins passent en pourchassant l’arriéré. Septembre va bientôt se

372 1203 2309 75 terminer. Pour l’arrière- saison, le temps tourne au beau. Sur le Cézallier, un

369 1291 2307 75 maigre brouillard cueilli par le vent s’enlève encore. Ailleurs, la brume

367 1379 2312 81 matinale a dégagé le paysage et, en deçà de la pâleur des lointains, on

367 1471 2309 75 retrouve à leur place tous les bons vieux villages. Les forains ont repris leur

372 1564 2133 75 travail, les paysans s’attardent à jacasser sur le coudert, un milan plane.

475 1691 2206 66 Dix heures sonnent. Le command-car et les trois gros cars qui le suivent

372 1773 2302 81 s’arrêtent sur l’esplanade. Les forains cessent de faire aller leurs masses;

369 1861 2307 77 l’aubergiste suspend son geste et reste le rasoir en l’air; son client se lève

367 1953 2309 86 pour mieux voir, épongeant avec la grande serviette ce qui lui reste de

367 2041 2307 77 mousse sur le visage; la cabaretière elle-même sort sur le pas de sa porte.

369 2134 2307 74 C’est un petit bout de femme blanche comme un navet, pointue de visage, de

367 2219 2309 80 ce monde dont il n’y a pas grand-chose à dire si ce n’est qu’elle vous boit sa

372 2316 2243 73 bouteille de goutte plus lestement que vous ou moi une chopine de piquette.

493 2431 2179 85 — Ils reviennent tout d’même pas pour cette histoire de Cinabre,

372 2523 1250 75 murmure-t-elle à l’intention de son époux.

479 2640 1836 77 — Si tôt, et un dimanche, ça m’étonnerait, répond l’aubergiste.

482 2761 2192 83 — C’est pas les mêmes que l' mois dernier, fait remarquer un gamin qui

367 2853 2309 86 porte sur la hanche deux morceaux de bois entrecroisés, épée ou mitraillette

374 2943 345 82 — au choix.

477 3060 2204 83 — Pour sûr, précise le barbier, cette fois, c’est les gendarmes mobiles, et

372 3170 807 57 en tenue d' service encore.

479 3271 2202 92 Du command-car viennent de sortir trois hommes, deux officiers et un

372 3361 2304 86 gendarme en treillis bleu qui tend au moins gradé des deux, un grand échalas

369 3454 2303 77 de lieutenant, une grosse sacoche noire. L’autre, massif, le nez rouge, les
