3060 3960
482 360 352 82 Et le voici.

482 481 2197 77 Demain c’est dimanche, et il va y avoir bal. Cela fait plus de deux

372 574 2304 72 semaines que sa femme et ses filles sont parties en virée, et plus de trois

372 664 2307 73 qu’il a engagé ces Bougnoules pour son malheur. Il est le cul par terre dans la

372 752 2302 84 grande salle commune. Chez lui. Il essaie de se relever. Il est barbu, hirsute,

369 844 2307 75 il sent mauvais. Il ramasse le chapeau qu’il a écrasé dans sa chute, le pose tel

369 930 2305 79 quel sur le sommet de son crâne. Son corps se noue. Accroché à la table, il

372 1018 2302 82 s’élève. Son pied dérape, sa main glisse, il se rattrape, gémit, il est debout.

369 1111 2307 77 Dans l’autre main, il tient toujours le litre de vin vide. C’est en se levant de

372 1201 1692 86 table pour aller le remplir que tout à l’heure il est tombé.

482 1324 2197 75 Péniblement, en oscillant dangereusement, le vieux se met en marche. H

369 1416 2310 82 progresse à petits coups, parlant bas entre ses dents avec un air de gravité

369 1504 2312 73 douloureuse. Ses mains tremblent. Une mèche gris sale colle à son front

367 1590 2314 77 moite et lui cache la moitié d’un œil. Arrivé à la trappe de la cave, il lui faut

367 1680 2309 80 exécuter une pénible gymastique, saisir sans perdre l’équilibre l’anneau de

372 1782 2309 72 fer rouillé, le tirer, se redresser en même temps, son litre à la main et

372 1867 2307 69 soulevant la trappe, la caler, se baisser de nouveau pour ramasser la

369 1949 2307 77 chandelle et la boîte d’allumettes posées à terre, sortir de la boîte une

372 2041 2302 77 allumette, la gratter, allumer la chandelle sans lâcher la bouteille et, après

369 2131 1698 88 plusieurs insuccès, protéger la petite flamme qui vacille.

479 2250 2197 79 Quand, dans le courant d’air, de ses mains tremblantes, il s’est épuisé à

367 2343 2312 74 cette tâche et que, enfin remonté de la cave, il s’est rassis poitrine contre

369 2431 2307 79 table avec un litre plein, il reprend à haute voix son discours solitaire. Il

369 2521 2307 75 fulmine, il peste, il lance en auvergnat des invectives à des ennemis

372 2613 2309 75 imaginaires. Coup sur coup, il se verse de grands verres de rouge qu’il boit

369 2699 2305 81 d’un trait, criant de plus en plus fort. Lorsque la bouteille est aux trois quarts

376 2791 449 75 vide, il se tait.

479 2910 2197 77 La tête dans les mains, les coudes sur la table, le regard noyé, perdu très

369 3000 2312 77 loin au-delà de ces murs, doucement, il se met à pleurer. Les larmes coulent

369 3093 2307 75 sans bruit entre ses poils, délayant la crasse du visage, tombant goutte à

374 3183 2298 81 goutte du menton, de la pointe du nez. Il demeure longtemps immobile,

372 3271 2302 77 silencieux, en une sorte d’attente, veillant les yeux mi-clos, écoutant peut-

369 3374 2303 75 être, essayant de surprendre les bruits intérieurs de son corps usé,
