3060 3960
486 365 2069 83 — Payé à la s’maine, tu sais c' que tu gagnes, non mais tu t'rappelles?

482 477 1648 88 — Pas question d’se laisser démoraliser, fit le Barbeau.

484 611 861 75 — Ni acheter, ajouta Ramos.

482 723 2021 86 — On est p’tête trop nombreux, on pourrait s' séparer, proposa Saïd.

482 840 2194 86 — On est bien trop heureux ensemble, dit Mariette. Pas question d’se

374 935 264 83 séparer.

479 1047 2200 90 Ainsi décida-t-elle, et s’en fut jusqu’au bout de la place. Un grand

369 1137 2307 81 magasin désert était brillamment illuminé. FLORINE, pouvait-on lire sur le

372 1229 2304 77 fronton en lettres de néon. Mariette s’arrêta devant, déchiffra le nom à haute

374 1324 1919 73 voix et, le regard hautain, se retourna face à sa suite qui arrivait.

484 1445 2190 81 — Cette boutique m’appartient, annonça –t-elle. Aussi vrai que j' suis

372 1533 2298 75 une demoiselle Charvaysse et que j' m’appelle Florine, Françoise, Marie...

376 1621 2298 77 Toutes ces bonnes choses, j' les veux... Y a pas d’raison qu’on nous les

369 1713 2010 75 montre sans qu’on puisse y toucher. Saïd!... Amène-moi la voiture.

475 1828 1922 81 Quand la voiture fut là, elle regarda Saïd bien en face et ajouta:

486 1953 2177 75 — Aussi vrai qu' Sainte Florine est ma patronne, maintenant, j' vous l

372 2043 651 75 dis, tout ça est à moi.

479 2160 2200 77 Immobile, les mains serrées sur le volant, Saïd l’observait et, toujours à

369 2255 2312 74 cinq mètres l’un de l’autre, formant un cercle, les autres attendaient. Ils virent

372 2347 2304 73 Mariette plonger dans la voiture, fourrager sous les sièges, émerger avec une

369 2433 846 72 masse, foncer sur la vitrine.

475 2547 2201 82 Quelques heures plus tard, au beau milieu d’un bois, au centre d’une

367 2642 2309 83 clairière, couvertes d’étoffes extravagantes et de bijoux bon marché, cette

369 2730 2292 77 nuit — là sous la lune, devenues sorcières, les femmes dansèrent, dansèrent...

477 2851 2204 77 Quand la Mariette fut bien fatiguée de danser, elle alla s’asseoir au haut

369 2945 2307 71 d’une butte, sur une immense pierre plate. La Nane vint s’allonger à ses

369 3029 2305 92 pieds, chaude et douce et souple comme un animal. Saïd s’approcha des

374 3121 403 86 jeunes filles.

482 3240 1217 86 — Tu es venu m' parler? demanda Nane.

482 3357 737 88 — Non, j’... hésita Saïd.

484 3480 1616 86 — Tu es venu m' parler? demanda Mariette à son tour.
