3060 3960
479 360 1887 80 Il s’adresse à son oncle le vieux Mistigri, frère de feu son père.

479 479 2197 79 Loulou est un bon à rien qui, depuis la fin de la guerre d’Algérie où il a

372 572 2302 74 été engagé volontaire trois ans, a vieilli à ne rien faire. L’inactivité lui pèse.

376 660 2300 77 Viré d’un réseau O. A.S. pour imbécillité, il n’a eu le temps de s’y amuser

369 752 2305 75 qu’un peu moins d’une année. Depuis, il traîne. La chasse ne l’amuse plus

372 842 2304 84 guère: ce n’est pas en Auvergne qu’on a l’occasion de tirer le sanglier à la

369 930 2303 82 mitrailleuse comme dans l’Atlas. Bien que sans estime pour Loulou, Mistigri

369 1025 2307 72 sait que dans sa campagne anti-bougnoule son neveu peut jouer un rôle

369 1108 2118 77 décisif. Il accepte donc l’invitation et s’installe à la table des quillards.

479 1227 2197 79 Assis à l’écart dans une pièce attenante, le commandant et le député

367 1320 2307 88 parlent à voix basse. Mine de rien, le commandant surveille Mistigri qui,

369 1412 2312 77 depuis plus d’une heure, supplie, cajole, excite les jeunes gens en patois. Un

369 1500 2312 90 peu éméchés, les gars commencent à s’énerver. Il ne faudrait pas que le ton

369 1592 1114 75 monte et qu’un incident se déclenche.

484 1709 2186 88 — Suffit qu’on leur foute la trouille, aux Bou¬gnoules... Rien qu' ça...

369 1799 828 86 Qu’on leur foute la trouille.

475 1920 2206 79 C’est un quillard boutonneux et blondasse, avec des rouflaquettes en

369 2013 1993 85 côtelettes, qui vient de s’exprimer. Lui, il n’est pas pour la bagarre.

482 2134 2194 83 — Mon pauvre Jeannot, si tu crois qu' c’est comme ça qu’i vont foutre le

369 2224 225 86 camp!

473 2338 2206 79 C’est un grand brun qui vient de parler. Il a le crâne tondu ras à cause de

372 2435 2309 75 la vermine qui s’y était installée. A cause de cela, depuis quelques jours on

374 2521 883 90 l’appelle tout platement Toto.

501 2640 2175 85 — Toto, ça dépend comment on la leur fiche, la trouille, assure

367 2732 2312 75 calmement Jeannot... Y a manière et manière... Si on en attrape un et

372 2827 259 81 qu’on...

479 2939 934 90 — Et qu’on quoi ? grogne Toto.

482 3064 942 73 La peau rose de Jeannot rougit.

486 3179 2195 88 — J' sais pas, moi, dit-il... Qu’on lui fiche une bonne branlée... qu’on

374 3271 735 88 fasse un exemple, quoi!

490 3396 2186 82 — Pa'ce que tu crois qu’on va les séparer et en choper un comme ça

372 3473 235 82 facile?
