3060 3960
482 393 2192 73 La baraque du bal est entièrement montée, la toile tendue sur ses

369 481 2305 77 montants et, déjà en place, la caisse caparaçonnée de petits miroirs à

372 572 2302 79 facettes. Les forains rangent leurs outils. Soulevant un pan de bâche délacée,

372 668 2309 69 les gamins s’introduisent sous la tente. Tourmentant l’idiot, ils l’entraînent et

372 752 1710 75 le bousculent dans leurs glissades sur le plancher luisant.

479 871 2197 77 Bien qu’il tape, le soleil de septembre ne monte pas bien haut dans le

367 961 2307 77 ciel. Il est arrivé au mieux de sa course. Tenant les paysans à l’écart, les

372 1051 2307 86 gendarmes mobiles ont investi la montagne où est tombé l’avion. Ils en

369 1144 2149 77 ramènent de pleines cantines qu’ils enfournent directement dans les cars.

479 1262 1982 77 Le lieutenant Fournier remet au commandant un grand sac de toile.

477 1381 2202 88 — Les papiers, dit-il. Il y en avait partout autour de l’épave, comme si on

374 1474 1906 74 s’était amusé à les disperser, mais je crois qu’on a tout retrouvé.

479 1590 2197 75 Le commandant fronce les sourcils et regarde le député, la mine

369 1683 2307 83 interrogative. Celui-ci hoche la tête en signe d’acquiescement. Le

369 1773 2307 75 commandant appelle un gendarme et fait porter le sac dans la salle de

372 1861 1171 77 l’école. Il y poste un homme en faction.

486 1982 2193 86 Tout le village est sorti sur la place. Il y a un moment de flottement quand

369 2074 2303 77 apparaissent les cinq civières sur lesquelles on a jeté des couvertures kaki.

372 2160 548 86 Un gosse braille:

482 2279 2051 79 — F z’ont zigouillé les Bougnoules! I' z’ont zigouillé les Bougnoules!

479 2402 2195 73 Il prend en travers de la figure une taloche qui lui clôt le bec. Les

367 2490 2314 77 civières sont immédiatement chargées dans une ambulance qui démarre et

369 2580 2312 79 disparaît, encadrée de quatre motards de la gendarmerie. Leur ronflement

372 2673 2309 90 s’éloigne lentement, revient, répercuté en écho par les parois rocheuses du

369 2763 2307 75 ravin, s’éloigne de nouveau avec des alternances de montée et de chute de

372 2853 1811 75 bruit qui épousent les lacets de la route, finit par disparaître.

482 2970 2194 79 Les gendarmes mobiles tentent ensuite de faire se disperser la foule. A

369 3060 2305 79 leurs efforts répondent des murmures hostiles. Agacés par ces langues qui

372 3163 2304 71 vont à toute vitesse et parlent un « patois » qu’ils ne peuvent comprendre, les

374 3256 2305 68 gendarmes manifestent leur énervement. Les paysans s’entêtent. Le cabaretier

369 3330 2312 80 explique au député que c’est aujourd’hui dimanche et qu’il n’y a pas de raison

369 3421 2310 88 pour que l’on cesse d’occuper le parvis de l’église et les environs du débit de

372 3509 2302 83 boissons. Le député représente au lieutenant Fournier la nécessité de mettre
