3060 3960
477 363 2199 85 Debout, les coudes en appui sur le haut du pare — brise, Mariette

372 453 1419 81 applaudit. Les autres femmes se tordent de rire.

482 567 825 86 — J’ai une idée, dit Ramos.

477 688 2204 82 Il tire de sous son siège la bouteille d’eau-de-vie qu’il a emportée et s’en

374 787 766 71 envoie une bonne rasade.

482 897 1693 90 — C’est quoi ton idée? demande Chtouki qui s’est rassis.

484 1020 940 75 — Si on allait semer la merde?

488 1139 317 86 — Où ça?

486 1262 427 86 — Au village.

484 1379 1585 90 — J' croyais qu' c’était pas la peine de passer par là?

484 1504 1521 82 — Pour semer la merde, ça vaut bien l' coup, non?

482 1621 1100 84 — Oui, hurlent les femmes en chœur.

477 1740 2199 77 Chtouki remonte sur la banquette. Tout en tenant le volant d’une main, il

372 1832 697 82 agite un bras et clame:

490 1951 443 86 — Au village!

482 2072 1003 77 Après lui, tous hurlent en chœur:

486 2191 447 86 — Au village!

479 2305 2197 82 La vieille 402 déboule à vive allure devant l’église. Chtouki redonne le

369 2402 2307 75 contact, lance le moteur. En klaxonnant, la voiture fait plusieurs fois le tour

369 2490 2307 79 de la place, se livrant à un slalom grotesque entre les arbres et la fontaine.

369 2580 2314 79 Quelques personnes sortent du débit de boissons. Parmi elles, la patronne et

372 2668 506 93 le père Mistigri.

486 2787 720 90 — Non! gémit Mistigri.

479 2910 1511 77 Dressé sur ses piieds, il perd toute couleur de vie.

482 3025 572 88 — Non ! hurle-t-il.

479 3148 2195 92 Puis, dans la langue du pays, soudain d’une voix basse, sans inflexion, sur

372 3256 717 61 un registre monocorde:

482 3357 616 88 — Veiqui ma môrt...

484 3482 563 77 (Voici ma mort...)
