3060 3960
367 363 2309 72 craillements de corneilles dans le lointain. Puis la Jeanne s’agite. Elle

372 468 2302 62 tamponne sa bouche, qui ne saigne plus, et son nez, qui saigne encore un peu.

372 541 2307 77 Saïd paraît émerger d’un rêve. Il sort son mouchoir et va le tremper à la

374 635 2302 73 fontaine. Il revient vers Jeanne, essore le linge dans sa main et essuie sur le

374 721 1248 86 visage de la jeune fille les traces de sang.

482 838 2190 83 Mariette détourne la tête de dépit. Un peu ahurie, l’air d’une somnambule,

367 930 2312 77 elle se remet en marche, va droit devant elle. Elle entend soudain un éclat de

367 1023 2309 77 rire de Jeanne auquel Saïd fait écho. Elle sent comme un coup au cœur et ne

369 1113 976 83 peut s’empêcher de se retourner.

479 1227 2197 79 La figure de Jeanne est tout près de la main de Saïd; elle allume une

369 1322 2310 86 cigarette au mégot qu’il lui présente, puis ils se regardent dans les yeux; la

369 1423 2312 64 Jeanne a le visage en feu. La voici qui s’écarte un peu de Saïd, elle se remet

369 1502 2307 75 à rire, sans raison; lentement, elle continue de se déplacer. Saïd la suit des

372 1592 2302 86 yeux; il esquisse même le mouvement de la suivre, mais il se ravise. Il

369 1680 1407 77 demeure immobile à la fixer, le regard brûlant.

484 1804 1900 74 Ne pouvant en supporter davantage, Mariette leur tourne le dos.

479 1922 2202 77 En face d’elle, Ramos pisse contre le mur de la grange. Il tient à la main

372 2010 2307 77 la bouteille de gnôle de Mistigri. Sans cesser de pisser, il s’en envoie de

372 2098 2302 88 grandes rasades. Il sent derrière lui une présence. Toujours pissant, il bouge

374 2191 1873 77 la tête et voit la Mariette figée, qui le regarde. Il éclate de rire.

479 2307 837 77 — Eh ben, t’en fais une tête!

477 2431 2193 85 Mariette se retourne pour s’enfuir. Craignant— ou espérant vaguement —

369 2519 2307 77 être poursuivie, elle fait volte-face. Mais Ramos l’a déjà oubliée. Il se

369 2609 2307 79 rebraguette et revient vers la Nane. Celle-ci lui rend sa chatte noire qu’elle

367 2701 2309 77 caressait. Ramos la perche sur son épaule et s’envoie une grande lampée de

374 2794 491 79 gnôle au goulot.

482 2912 2197 75 Debout à côté de lui, une main dans la poche, un pied en appui sur une

372 2998 2309 82 vieille râteleuse rouillée, le Barbeau regarde Marguerite. Elle est assez loin

372 3093 2309 75 de lui, tout près de Saïd. Elle sourit un peu, timidement. Le Barbeau a un

376 3183 2298 84 geste d’agacement. Gauchement, Marguerite passe d’un pied sur l’autre. Enfin,

369 3269 2307 88 elle commence à se déplacer légèrement, imperceptiblement, suivant une

369 3359 2307 79 ligne qui la rapproche du Barbeau. Bientôt elle est tout près de lui. Elle ne

369 3451 2305 80 dit rien, n’ose rien dire. Pris au jeu, le Barbeau se tait lui aussi. Il peut sentir
