3060 3960
372 367 2307 73 Barbeau devina que leurs jambes s’étaient trouvées et emmêlées. Ses yeux

374 455 599 81 passèrent sur Nane.

486 569 2190 77 Toute rouge, Nane piquait du nez dans son assiette : Chtouki devait tenter

372 660 1613 77 sa chance de ce côté-là... Restait Ramos. Et Mariette.

484 781 2190 79 Mariette toisait Saïd, furieuse; quant à Ramos, très occupé à boire, les

374 875 1404 79 yeux dans le vague, il caressait sa chatte noire.

482 990 2201 74 Le Barbeau tourna la tête vers Mistigri. Le patriarche n’avait rien

367 1080 2314 77 remarqué. Il venait de terminer la distribution des tranches de lard et

367 1172 2314 77 commençait à couper le fromage. Le Barbeau sursauta : sous la table, la main

369 1262 1271 82 de Marguerite venait d’étreindre la sienne.

482 1379 1085 79 Eugène rentra en mobylette à l’aube.

479 1500 2197 86 Il pénétra dans la cour de la ferme en pédalant. Quelques instants

369 1592 2307 77 auparavant le moteur de son engin avait calé, et il était tellement ivre qu’il

372 1685 1369 72 n’avait pas été fichu de le remettre en marche.

477 1797 2199 81 Il est visible que le fils Charvaysse n’a pas tellement l’occasion de faire

369 1892 2305 77 la foire ou passer des nuits blanches, car son visage est tout gris de fatigue.

372 1984 2304 73 Des rides précoces lui griffent le coin des yeux qui sont brillants et injectés

369 2074 2305 84 de sang. On peut imaginer le visage qu’il aura plus vieux: avec un peu plus

372 2164 1803 73 de crasse et de barbe, on retrouverait le masque de Mistigri.

479 2279 2195 79 La mobylette dérape dans la boue de la cour, bute contre une pierre.

369 2369 2307 79 Eugène s’étale. Il se relève péniblement en jurant. Son costume du dimanche

369 2461 2072 77 est maculé de boue, déchiré au genou, foutu. Une de ses mains saigne.

479 2578 2197 79 Les doigts écartés, Eugène patouille dans la cour. Il se dirige vers le

369 2668 2307 77 bâchât. C’est un beau grand bâchât qui se trouve à la bastide depuis des

372 2758 2302 88 générations. Il a été taillé dans une énorme bille de chêne et durci au feu.

369 2851 2307 79 L’eau d’une source captée un peu plus haut y est amenée directement par une

369 2941 2307 77 canalisation de tuiles rondes. Il n’y a pas de système d’écoulement, et le

369 3031 1354 75 bâchât déborde continuellement dans la cour.

479 3150 2197 77 Eugène trempe ses mains dans le réservoir. D’un seul coup le froid les

372 3240 2307 86 glace. Il s’asperge le visage. Cela le dessaoule un peu. Il s’ébroue et revient

376 3335 1754 75 vers la mobylette. Il la ramasse et la pousse vers la grange.
