3060 3960
488 360 229 82 — Oué.

479 481 1680 80 Elle plante ses yeux dans ceux du gars qui baisse la tête.

482 600 387 84 — Menteur!

477 721 2199 77 Elle regarde chacun des appelés. Il n’y en a plus un seul qui tienne une

369 809 511 86 pierre à la main.

484 930 2190 86 — Bande de voyous !... Allez, foutez le camp! Décanillez faire les

369 1020 1592 80 imbéciles plus loin... Et fichez la paix aux touristes!

479 1141 2197 77 Pour ne pas perdre la face, Fernand embouche le clairon. Il sonne. Les

367 1234 2309 75 conscrits se regroupent autour du char. Eugène se met au volant du tracteur, il

369 1322 2307 86 presse le démarreur. Les autres s’installent. Il y a encore un peu de

372 1414 2307 73 flottement, mais l’incident paraît terminé. La patronne du débit est restée

372 1502 2309 75 dehors, à attendre qu’ils s’en aillent. Le Fernand va donner le signal du

372 1592 231 86 départ.

475 1709 2201 79 C’est à ce moment qu’apparurent Saïd, Chtouki et le Barbeau. A

367 1799 2312 79 retardement, l’humiliation reçue fit éclater la rage rentrée du gros Fernand. Il

372 1892 2304 74 fonça sur Ramos, tête baissée, comme un taureau. Ramos l’évita en même

369 1980 2307 90 temps qu’il plongea dans la voiture. Il en jaillit, vif comme l’éclair,

369 2074 2312 73 brandissant une bouteille qu’il abattit sur le crâne de Fernand qui chargeait

372 2169 385 68 de nouveau.

479 2283 1055 75 Le gros garçon s’écroula assommé.

475 2402 2201 75 Avant que l’aubergiste n’ait eu le temps de s’interposer, trois conscrits se

369 2488 2307 90 précipitèrent. Saïd brisa la bouteille de Ramos qui venait d’être déséquilibré

374 2585 2307 74 sur le pare-chocs de la voiture. Il leur fit face, dirigeant vers eux le tesson

369 2673 2307 74 acéré. Les conscrits n’insistèrent pas et, quelques instants plus tard, les

369 2763 2307 75 étrangers purent monter en voiture et prendre le chemin de la ferme de

374 2849 277 90 Mistigri.

479 2967 2195 82 Le premier dîner à la ferme de Mistigri fut frugal, comme à l’accoutumée.

369 3069 2307 70 Un peu de soupe, du pain, du lard, du fromage; le tout arrosé de vin aigre à

374 3154 2300 84 volonté. Mistigri s’en expliqua à sa manière en s’asseyant à l’une des

369 3240 892 84 extrémités de la longue table.

486 3363 1030 91 — Trôp de pitança, pauc d’apetîs.
