3060 3960
376 365 2300 72 Toute la journée d’hier et toute la nuit elle a attendu ce moment. Depuis une

374 455 2298 79 semaine, elle ne cesse d’en rêver, de cette histoire qu’elle va faire sienne,

372 539 1833 79 qu’elle embellira encore et qui fera d’elle l’égale d’une Reine.

479 660 1039 77 Le braconnier a ralenti, il s’arrête.

479 781 2197 77 Il sourit de toutes ses dents cariées, dépose son fusil contre le rocher, ôte

369 871 2307 77 sans hâte sa veste de toile grise. Mariette ne répond pas à son sourire. Une

367 963 2307 75 curieuse contraction fige son visage fardé. Le Cinabre a tout juste le temps

372 1053 1208 84 de s’en apercevoir, la jeune fille lui dit:

484 1174 1941 73 — Oui, regarde-moi au visage! Tu ne me connais seulement pas!

484 1298 2195 72 Etonné, le chasseur marque un temps, tout juste le temps de voir ses yeux

376 1383 1530 75 fous. Mariette a bondi et s’est emparée de son fusil.

477 1500 731 86 — Chante, répète-t-elle.

479 1621 2197 77 Le canon double se braque sur l’estomac maigre du braconnier. Le grand

374 1713 2267 77 escogriffe croit à un jeu, il ne pense pas qu’il puisse lui arriver malencontre.

482 1828 724 86 — Chante, répète-t-elle.

482 1949 913 79 Et elle lui indique les paroles.

482 2076 684 82 — Je peux pas chanter.

479 2193 639 84 — Chante. A genoux.

479 2307 2200 80 Le fusil s’agite. Les doigts s’affermissent sur la détente. Le Cinabre éclate

372 2402 2307 77 de rire. Puis il ouvre la bouche et, tombant à genoux, il braille d’une voix

376 2494 244 73 fausse:

479 2613 815 75 Chez nous soyez Reine!...

475 2734 718 71 Nous sommes à vous...

477 2849 2199 79 Il avance. Sa main jaillit, empoignant les deux canons de l’arme; elle

372 2945 2309 73 vibre avec eux quand le coup part. Les chevrotines font exploser la face du

372 3031 2307 77 chasseur qui bascule. Sa coloquinte éclatée fait gicler l’eau limpide d’une

374 3124 2305 72 source qui surgit là, en plein arsenic. Du sang, de la cervelle et de la boue

367 3212 2309 74 empoisonnée filent en contrebas. Les feuilles sont dérangées par des

372 3302 2302 77 froissements d’ailes, des vols effarés qui s’empêtrent au profond des ramures.

369 3390 2305 77 Des corneilles craillent. Le milan importuné fuit vers les hauteurs. Loin là-

374 3482 2300 77 bas, loin là-haut, sur le plateau, des petites silhouettes endimanchées se
