3060 3960
479 360 2200 80 Dès que le char a dépassé Mistigri, celui-ci, par une coursière, grimpe au

372 451 2304 77 village. Il y est bien avant le convoi. Au débit de boissons, il apprend que

372 541 2302 77 les gendarmes sont repartis et se dirigent vers la Bastide de la Croix-Morant.

372 629 2309 81 Scandant son pas avec le bâton de houx qu’il tient lié à son poignet par un

369 719 2312 79 lacet de cuir, le vieux part à la hâte : il faut qu’il soit chez lui avant que tout

372 814 722 74 aille cul pardessus tête.

484 932 2197 73 Mistigri verse du vin dans trois verres. Sa femme, Marguerite, se tient

369 1023 2307 72 debout derrière lui, adossée au buffet, prête à aller chercher d’autres

367 1111 2312 77 chopines quand celles-ci seront vides. Ils se tiennent dans la salle principale

369 1201 2307 75 de la ferme. Deux lits- placards, avec l’horloge entre eux, en occupent le

372 1289 2304 79 fond. De chaque côté, des meubles énormes, bien champêtres et noircis de

374 1381 2307 75 fumée. Sur la lourde table au plateau massif entaillé d’écuelles, deux

374 1474 2302 81 gendarmes sont accoudés. Ils boivent avec plaisir. Il a fait chaud dans le

372 1564 2302 72 break 403, en montant vers le village par ces routes impossibles. Pour

374 1652 801 75 l’instant, ils ne disent rien.

482 1773 2194 83 Mistigri sert encore une fois à boire posément, puis il pousse les

369 1861 2312 88 chopines vides vers Marguerite. Celle-ci soulève une trappe et disparaît

369 1953 2307 73 avec une lanterne dans les profondeurs du sous-sol. L’air de rien, par en-

369 2041 2307 77 dessous, le vieux observe les gendarmes. A tout bien réfléchir, les pandores

369 2131 2312 75 ri’ont pu faire le rapprochement avec l’histoire de l’Eugène: des deux, l’un

369 2224 2307 81 est beaucoup trop jeune, et l’autre n’était pas dans la région; de toute

372 2314 2298 75 manière, c’est une aventure bien ancienne. Non, Mistigri peut être tranquille:

372 2400 1681 77 s’ils sont montés chez lui, c’est parce qu’il est le notable.

477 2516 2199 82 Il attend donc. Une barrière invisible casse les gestes et les regards entre

369 2611 2307 75 lui et les policiers. La ferme, le mode de vie du lieu sont arriérés, mais

372 2701 2304 77 Mistigri se considère comme un lettré. Il parle et écrit certainement mieux le

372 2796 2304 72 français qu’eux, et il sait un peu de grec et de latin. Les gendarmes, eux, ne

369 2884 2307 83 comprennent même pas la langue du pays, ce qu’ils appellent avec mépris le

372 2976 2304 82 patois, un mot que le vieux n’utilise jamais. Face à ces butors, il se sent dans

372 3062 2302 77 la peau d’un seigneur, d’une sorte de souverain primitif. Il les dédaigne et les

372 3152 1596 77 laissera languir jusqu’à ce qu’ils parlent les premiers.

482 3271 2186 95 Le plus âgé des deux, un gros au visage rougeaud, les cheveux gras et ras,

372 3361 1692 101 très noirs, plantés bas sur le front, renifle un coup et dit:

486 3482 1664 86 — Vous en pensez quelque chose, vous, d’ cette histoire?
