3060 3960
488 365 2193 72 — Vous ne croyez quand même pas que les gens en resteraient là. On n’est

369 451 2307 90 plus au siècle passé. On ne croira jamais qu’une histoire de cul a fait bouger

372 543 449 73 tant de monde.

482 660 2199 88 — Vous savez bien que si, surtout à la campagne. Il suffit d’être un peu

372 754 1186 82 persuasif, dit lentement le commandant.

477 871 2199 77 — Ça pourrait être justement l’occasion de donner un foutu coup de balai

372 961 2304 79 qui noierait le poisson, dit le député. Un foutu coup de balai. Quand je pense

372 1051 1670 88 à mes filles, que j’imagine que ç’aurait pu leur arriver...

482 1174 1206 75 Le commandant ne répond pas. Il sourit.

479 1289 1933 77 — C’est quand même intolérable, cette débâcle, cette démission!

484 1412 2192 75 — Je ne dis pas... Effectivement, peut-être faudrait-il monter à la ferme

369 1502 2296 79 et liquider cette racaille: c’est pas moi qui serais contre... D’accord, moi j'

374 1592 2300 84 veux bien, mais il faut en référer plus haut. Parce que ça risque de

372 1683 2049 77 déclencher un autre genre de débâcle. Et qui nous mènerait plus loin.

479 1795 745 90 — Bon Dieu d’bon Dieu.

482 1916 2190 90 — Imaginez la joie des journalistes. Si on venait fouiner par là-haut,

372 2013 579 83 imaginez les titres.

479 2127 747 86 — Bon Dieu d’bon Dieu.

477 2252 1893 77 Il y a un silence, puis le commandant reprend d’une voix égale:

484 2369 2192 84 — Nous resterons ici jusqu’à la fin du bal, au cas où il y aurait des

374 2464 2302 74 incidents. Ces jeunes rustauds aiment mesurer leurs forces. Il n’y a guère de

374 2556 528 81 bal sans bagarre.

479 2675 2134 83 — Les incidents, ça peut se provoquer, n’est-ce pas, mon Commandant?

482 2789 1695 86 — Vous le savez aussi bien que moi, monsieur le Député.

482 2912 2199 75 — Justement, poursuit le député d’une voix de somnambule, on pourrait

367 3003 2309 85 présenter les choses comme ça : le pays en a marre d’être envahi par tous ces

367 3093 2309 86 étrangers... Il y a eu une plainte... D’un propriétaire expulsé... d’un homme

369 3179 1425 77 dont les filles ont été séduites... non, violées...

488 3302 2193 75 — Monsieur le Député, dit le commandant d’une voix glacée avec un

367 3392 2309 79 mouvement du corps en direction de la carte muette, la France vient de signer
