<?xml version="1.0" encoding="UTF-8"?>
<alto xmlns:xsi="http://www.w3.org/2001/XMLSchema-instance"
      xmlns="http://www.loc.gov/standards/alto/ns-v4#"
      xsi:schemaLocation="http://www.loc.gov/standards/alto/ns-v4# http://www.loc.gov/standards/alto/v4/alto-4-2.xsd">
  <Description>
    <MeasurementUnit>pixel</MeasurementUnit>
    <sourceImageInformation>
      <fileName>page_00105.png</fileName>
      
    </sourceImageInformation>
  </Description>
  
  <Tags>
    <OtherTag ID="BT10547" LABEL="MainZone" DESCRIPTION="block type MainZone"/><OtherTag ID="BT10548" LABEL="NumberingZone" DESCRIPTION="block type NumberingZone"/><OtherTag ID="BT10549" LABEL="RunningTitleZone" DESCRIPTION="block type RunningTitleZone"/><OtherTag ID="BT10550" LABEL="TitlePageZone" DESCRIPTION="block type TitlePageZone"/><OtherTag ID="BT10551" LABEL="MarginTextZone" DESCRIPTION="block type MarginTextZone"/><OtherTag ID="BT10552" LABEL="QuireMarksZone" DESCRIPTION="block type QuireMarksZone"/>
    <OtherTag ID="LT4125" LABEL="DefaultLine" DESCRIPTION="line type DefaultLine"/><OtherTag ID="LT4126" LABEL="HeadingLine" DESCRIPTION="line type HeadingLine"/><OtherTag ID="LT4127" LABEL="default" DESCRIPTION="line type default"/>
  </Tags>
  
  <Layout>
    <Page WIDTH="3060"
          HEIGHT="3960"
          PHYSICAL_IMG_NR="101"
          ID="eSc_dummypage_">
      <PrintSpace HPOS="0"
                  VPOS="0"
                  WIDTH="3060"
                  HEIGHT="3960">
        
        <TextBlock HPOS="336"
                   VPOS="336"
                   WIDTH="2390"
                   HEIGHT="3243"
                   ID="block_1"
                   TAGREFS="BT10547">
          <Shape><Polygon POINTS="2711 341 2726 3543 351 3579 336 336"/></Shape>
          
          
          <TextLine ID="eSc_line_9ac30522"
                    TAGREFS="LT4125"
                    BASELINE="477 422 2672 415" 
                    HPOS="475"
                    VPOS="360"
                    WIDTH="2197"
                    HEIGHT="99">
            <Shape><Polygon POINTS="477 422 477 459 574 457 576 457 631 435 803 437 834 457 836 457 838 457 840 457 843 457 889 442 1186 444 1188 444 1190 444 1228 433 1485 437 1523 455 1525 455 1527 455 1532 455 1635 435 1756 444 1758 444 1761 444 1763 444 1780 433 1796 444 1798 444 1800 444 1802 446 1935 446 1935 444 1937 444 1939 444 1957 433 2018 453 2020 453 2023 453 2025 453 2038 453 2241 435 2668 448 2672 415 2668 376 2318 376 2280 360 2278 360 2276 360 2192 374 2142 360 2139 360 2137 360 2135 360 2106 376 1860 376 1811 363 1809 363 1807 363 1717 376 1648 363 1646 363 1521 376 1503 365 1501 365 1499 365 1496 365 1386 374 1235 363 1232 363 1230 363 1228 363 1204 378 1164 365 1162 365 1160 365 1074 378 1012 365 1010 365 726 378 691 365 689 365 499 365 497 365 495 365 493 365 479 374 475 380"/></Shape>
	    <String CONTENT="Chtouki se gratta la tête. Il n’avait pas l’air de se rappeler. A ce moment,"
                    HPOS="475"
                    VPOS="360"
                    WIDTH="2197"
                    HEIGHT="99"
                    WC="0.9964466187861059"></String>
          </TextLine>

          
          
          <TextLine ID="eSc_line_4c08efcd"
                    TAGREFS="LT4125"
                    BASELINE="374 510 1926 510" 
                    HPOS="374"
                    VPOS="453"
                    WIDTH="1552"
                    HEIGHT="77">
            <Shape><Polygon POINTS="374 481 374 510 374 530 1926 530 1926 510 1926 468 1862 455 1860 455 1721 466 1670 453 1668 453 1666 453 1593 466 1541 453 1538 453 1536 453 1534 453 1488 466 1417 453 1415 453 1413 453 1411 453 1395 466 1323 455 1320 455 1252 466 1206 453 1204 453 1201 453 1199 453 1160 466 1111 453 1109 453 1107 453 1105 453 1102 453 1089 466 953 466 913 453 911 453 909 453 906 453 904 453 880 468 812 468 796 453 794 453 792 453 719 453 717 453 715 453 713 453 697 466 605 455 603 455 600 455 572 468 396 468 374 481"/></Shape>
	    <String CONTENT="un mouton déboucha sur la droite, dévalant la pente."
                    HPOS="374"
                    VPOS="453"
                    WIDTH="1552"
                    HEIGHT="77"
                    WC="0.9964551704901236"></String>
          </TextLine>

          
          
          <TextLine ID="eSc_line_5d77633c"
                    TAGREFS="LT4125"
                    BASELINE="482 629 909 629" 
                    HPOS="482"
                    VPOS="569"
                    WIDTH="427"
                    HEIGHT="73">
            <Shape><Polygon POINTS="482 629 482 642 909 642 909 629 909 587 893 572 893 569 891 569 889 569 887 569 884 569 882 569 856 587 711 569 708 569 706 569 651 587 572 569 570 569 567 569 565 569 565 572 548 589 482 589 482 629"/></Shape>
	    <String CONTENT="— Bon Dieu!"
                    HPOS="482"
                    VPOS="569"
                    WIDTH="427"
                    HEIGHT="73"
                    WC="0.9966283603148027"></String>
          </TextLine>

          
          
          <TextLine ID="eSc_line_730bf107"
                    TAGREFS="LT4125"
                    BASELINE="475 750 1444 750" 
                    HPOS="475"
                    VPOS="690"
                    WIDTH="969"
                    HEIGHT="77">
            <Shape><Polygon POINTS="475 750 475 767 1444 767 1444 750 1444 706 1380 690 1378 690 1375 690 1373 690 1331 706 1316 693 1316 690 1314 690 1312 690 1309 690 1307 690 1254 706 1208 690 1206 690 1204 690 1201 690 1199 690 1199 693 1184 708 814 708 766 690 763 690 761 690 759 690 757 690 739 704 726 693 726 690 724 690 722 690 719 690 603 704 508 690 506 690 504 690 475 704 475 750"/></Shape>
	    <String CONTENT="Chtouki donne un coup de frein."
                    HPOS="475"
                    VPOS="690"
                    WIDTH="969"
                    HEIGHT="77"
                    WC="0.9993975162506104"></String>
          </TextLine>

          
          
          <TextLine ID="eSc_line_f67f6faa"
                    TAGREFS="LT4125"
                    BASELINE="479 871 2676 871" 
                    HPOS="479"
                    VPOS="816"
                    WIDTH="2197"
                    HEIGHT="77">
            <Shape><Polygon POINTS="2646 816 2643 816 2459 827 2410 816 2408 816 2406 816 2353 827 2351 827 2340 827 2093 816 2091 816 2005 827 1990 827 1985 825 1963 816 1961 816 1959 816 1842 825 1809 829 1552 829 1543 825 1525 816 1523 816 1521 816 1483 822 1466 827 479 820 479 871 479 884 2672 893 2676 871 2676 829 2648 816 2646 816"/></Shape>
	    <String CONTENT="Le mouton manque passer sous les roues avant. D’un coup de volant,"
                    HPOS="479"
                    VPOS="816"
                    WIDTH="2197"
                    HEIGHT="77"
                    WC="0.9996795536893787"></String>
          </TextLine>

          
          
          <TextLine ID="eSc_line_e7c7b396"
                    TAGREFS="LT4125"
                    BASELINE="369 959 2679 954" 
                    HPOS="367"
                    VPOS="899"
                    WIDTH="2312"
                    HEIGHT="77">
            <Shape><Polygon POINTS="369 959 369 976 2676 972 2679 954 2674 915 2529 915 2494 899 2492 899 2489 899 2487 899 2459 915 2282 915 2247 899 2245 899 2243 899 2137 913 2056 899 2053 899 2051 899 2049 899 2025 915 1871 915 1772 899 1769 899 1659 913 1611 899 1609 899 1607 899 1604 899 1576 913 1530 899 1527 899 1525 899 1523 899 1521 899 1499 915 1413 902 1411 902 1314 915 1224 902 1221 902 1219 902 1217 902 1195 915 1043 904 1041 904 920 915 865 902 862 902 860 902 858 902 821 915 783 902 781 902 548 902 545 902 543 902 515 913 394 902 391 902 389 902 387 902 367 913 369 959"/></Shape>
	    <String CONTENT="Chtouki l’évite de justesse. L’arrière de la voiture est déporté et va donner"
                    HPOS="367"
                    VPOS="899"
                    WIDTH="2312"
                    HEIGHT="77"
                    WC="0.9925533694985472"></String>
          </TextLine>

          
          
          <TextLine ID="eSc_line_4a017b3c"
                    TAGREFS="LT4125"
                    BASELINE="372 1049 2674 1045" 
                    HPOS="369"
                    VPOS="992"
                    WIDTH="2305"
                    HEIGHT="75">
            <Shape><Polygon POINTS="372 1049 372 1067 2672 1064 2674 1045 2670 1007 2406 992 2403 992 2401 992 2362 1005 2287 992 2285 992 2282 992 2227 1005 2157 992 2155 992 2153 992 2150 992 2126 1007 1842 1007 1769 992 1767 992 1765 992 1763 992 1739 1007 1611 1007 1571 992 1569 992 1567 992 1430 1007 1400 994 1397 994 1312 994 1309 994 1307 994 1276 1007 1201 994 1199 994 909 1007 799 994 796 994 794 994 770 1007 567 1007 495 994 493 994 369 1009 372 1049"/></Shape>
	    <String CONTENT="contre un rocher en saillie côté montagne. La coque rebondit, l’auto se"
                    HPOS="369"
                    VPOS="992"
                    WIDTH="2305"
                    HEIGHT="75"
                    WC="0.9966683232620971"></String>
          </TextLine>

          
          
          <TextLine ID="eSc_line_43cae0d5"
                    TAGREFS="LT4125"
                    BASELINE="372 1137 1270 1141" 
                    HPOS="369"
                    VPOS="1082"
                    WIDTH="901"
                    HEIGHT="75">
            <Shape><Polygon POINTS="372 1137 369 1152 1265 1157 1270 1141 1268 1100 1056 1084 1054 1084 1052 1084 1014 1097 1012 1097 1010 1097 959 1084 957 1084 955 1084 953 1084 924 1097 922 1097 913 1097 821 1082 818 1082 730 1095 728 1097 488 1097 484 1095 457 1084 455 1084 453 1084 372 1093 372 1137"/></Shape>
	    <String CONTENT="retrouve au milieu du chemin."
                    HPOS="369"
                    VPOS="1082"
                    WIDTH="901"
                    HEIGHT="75"
                    WC="0.9987567971492636"></String>
          </TextLine>

          
          
          <TextLine ID="eSc_line_e95140f5"
                    TAGREFS="LT4125"
                    BASELINE="473 1258 2683 1258" 
                    HPOS="473"
                    VPOS="1203"
                    WIDTH="2210"
                    HEIGHT="75">
            <Shape><Polygon POINTS="473 1258 473 1278 2683 1278 2683 1258 2683 1216 2604 1203 2602 1203 2481 1214 2130 1203 2128 1203 2126 1203 2093 1216 1261 1216 1186 1203 1184 1203 1182 1203 1179 1203 1160 1216 889 1216 858 1203 856 1203 664 1203 662 1203 660 1203 627 1214 506 1203 504 1203 501 1203 473 1214 473 1258"/></Shape>
	    <String CONTENT="Chtouki freine encore. Le troupeau se trouve un peu plus bas, au milieu"
                    HPOS="473"
                    VPOS="1203"
                    WIDTH="2210"
                    HEIGHT="75"
                    WC="0.9985917412059407"></String>
          </TextLine>

          
          
          <TextLine ID="eSc_line_30f5507e"
                    TAGREFS="LT4125"
                    BASELINE="369 1350 2681 1346" 
                    HPOS="367"
                    VPOS="1291"
                    WIDTH="2314"
                    HEIGHT="77">
            <Shape><Polygon POINTS="369 1350 369 1368 2679 1368 2681 1346 2676 1306 2260 1306 2214 1291 2212 1291 2210 1291 2208 1291 2181 1304 1952 1293 1950 1293 1948 1293 1904 1304 1772 1291 1769 1291 1664 1304 1591 1291 1589 1291 1587 1291 1585 1291 1563 1304 1538 1293 1536 1293 1534 1293 1459 1306 1430 1293 1428 1293 1426 1293 1197 1306 1142 1293 1140 1293 1138 1293 1135 1293 1133 1293 1111 1306 979 1293 977 1293 884 1306 713 1293 711 1293 708 1293 706 1293 682 1309 605 1309 517 1293 515 1293 512 1293 460 1306 394 1293 391 1293 389 1293 387 1293 367 1304 369 1350"/></Shape>
	    <String CONTENT="du virage. Deux enfants le conduisent. La voiture traverse les moutons au"
                    HPOS="367"
                    VPOS="1291"
                    WIDTH="2314"
                    HEIGHT="77"
                    WC="0.9979389228232919"></String>
          </TextLine>

          
          
          <TextLine ID="eSc_line_780a33ea"
                    TAGREFS="LT4125"
                    BASELINE="369 1443 2676 1438" 
                    HPOS="367"
                    VPOS="1381"
                    WIDTH="2309"
                    HEIGHT="88">
            <Shape><Polygon POINTS="369 1443 369 1469 515 1458 2672 1463 2676 1438 2672 1397 2582 1381 2580 1381 2496 1394 2448 1381 2445 1381 2443 1381 2366 1394 2274 1383 2271 1383 2172 1394 2150 1381 2148 1381 2146 1381 2144 1381 2051 1392 2029 1381 2027 1381 2025 1381 1831 1394 1697 1381 1695 1381 1593 1394 1541 1381 1538 1381 1536 1381 1534 1381 1532 1381 1510 1397 1428 1383 1426 1383 1320 1397 1142 1383 1140 1383 1138 1383 1135 1383 1111 1399 988 1399 933 1383 931 1383 704 1383 702 1383 700 1383 651 1397 589 1383 587 1383 585 1383 561 1397 367 1399 369 1443"/></Shape>
	    <String CONTENT="pas, cale. Chtouki passe la première, la voiture repart. Mariette, très fière,"
                    HPOS="367"
                    VPOS="1381"
                    WIDTH="2309"
                    HEIGHT="88"
                    WC="0.9909073291001497"></String>
          </TextLine>

          
          
          <TextLine ID="eSc_line_9a5ca8c2"
                    TAGREFS="LT4125"
                    BASELINE="374 1529 2676 1529" 
                    HPOS="374"
                    VPOS="1474"
                    WIDTH="2302"
                    HEIGHT="74">
            <Shape><Polygon POINTS="374 1529 374 1548 2676 1548 2676 1529 2676 1489 2529 1474 2527 1474 2465 1487 2342 1474 2265 1474 2263 1474 2260 1474 2258 1474 2236 1487 2199 1474 2197 1474 2194 1474 2080 1487 2045 1474 2042 1474 2040 1474 1899 1485 1853 1474 1851 1474 1849 1474 1847 1474 1818 1489 1719 1489 1690 1474 1688 1474 1589 1474 1587 1474 1490 1487 1461 1474 1459 1474 1457 1474 1263 1485 1118 1474 1116 1474 1113 1474 1065 1485 1014 1474 1012 1474 1010 1474 984 1487 534 1487 442 1474 440 1474 374 1487 374 1529"/></Shape>
	    <String CONTENT="salue ses jeunes cousins Pattemouille et Sidonie de la Bastide Albe- pierre."
                    HPOS="374"
                    VPOS="1474"
                    WIDTH="2302"
                    HEIGHT="74"
                    WC="0.9909701512048119"></String>
          </TextLine>

          
          
          <TextLine ID="eSc_line_47ceae2c"
                    TAGREFS="LT4125"
                    BASELINE="372 1619 2676 1614" 
                    HPOS="369"
                    VPOS="1559"
                    WIDTH="2307"
                    HEIGHT="80">
            <Shape><Polygon POINTS="372 1619 372 1639 2674 1634 2676 1614 2674 1575 2632 1559 2630 1559 2628 1559 2626 1559 2595 1575 2419 1575 2403 1575 2401 1573 2375 1559 2373 1559 2370 1559 2300 1573 2298 1573 2216 1559 2214 1559 2144 1573 2142 1573 2091 1559 2089 1559 2086 1559 2084 1559 2040 1573 2038 1575 1800 1575 1798 1573 1772 1559 1769 1559 1767 1559 1686 1573 1679 1573 1670 1573 1598 1559 1596 1559 1530 1573 1512 1575 1505 1573 1485 1562 1483 1562 1481 1562 1479 1562 1441 1573 1426 1577 1144 1577 1131 1570 1105 1562 1102 1562 1100 1562 1098 1562 1063 1570 1045 1575 1006 1570 929 1562 851 1562 849 1562 847 1562 845 1562 832 1570 821 1577 671 1577 660 1570 647 1564 645 1564 642 1564 640 1564 623 1570 607 1575 596 1570 578 1562 576 1562 574 1562 572 1562 543 1570 523 1575 504 1570 475 1562 473 1562 471 1562 369 1568 372 1619"/></Shape>
	    <String CONTENT="Elle s’est mise debout. Le troupeau franchi, elle se rassoit. Chtouki coupe de"
                    HPOS="369"
                    VPOS="1559"
                    WIDTH="2307"
                    HEIGHT="80"
                    WC="0.9991247233672019"></String>
          </TextLine>

          
          
          <TextLine ID="eSc_line_50c494af"
                    TAGREFS="LT4125"
                    BASELINE="372 1709 1708 1707" 
                    HPOS="369"
                    VPOS="1654"
                    WIDTH="1339"
                    HEIGHT="73">
            <Shape><Polygon POINTS="372 1709 372 1727 1706 1724 1708 1707 1703 1667 1626 1654 1624 1654 1043 1665 964 1654 962 1654 959 1654 937 1665 922 1654 920 1654 918 1654 915 1654 913 1654 873 1665 834 1654 832 1654 829 1654 697 1665 642 1654 640 1654 369 1667 372 1709"/></Shape>
	    <String CONTENT="nouveau le contact. Ramos se remet à siffler."
                    HPOS="369"
                    VPOS="1654"
                    WIDTH="1339"
                    HEIGHT="73"
                    WC="0.9912048526432203"></String>
          </TextLine>

          
          
          <TextLine ID="eSc_line_059133dd"
                    TAGREFS="LT4125"
                    BASELINE="484 1828 1017 1828" 
                    HPOS="484"
                    VPOS="1771"
                    WIDTH="533"
                    HEIGHT="85">
            <Shape><Polygon POINTS="484 1828 484 1841 559 1841 572 1852 572 1854 574 1854 576 1854 578 1856 647 1856 647 1854 649 1854 651 1854 664 1843 678 1854 680 1854 682 1854 684 1854 686 1854 728 1841 748 1854 750 1854 752 1854 755 1856 957 1856 957 1854 959 1854 962 1854 975 1843 986 1854 988 1854 990 1854 992 1854 995 1854 997 1854 1017 1841 1017 1828 1017 1779 984 1771 981 1771 979 1771 977 1771 975 1771 975 1773 964 1782 957 1788 920 1788 906 1782 871 1771 869 1771 867 1771 865 1771 840 1784 834 1788 832 1784 821 1775 821 1773 818 1773 816 1773 763 1771 761 1771 759 1771 757 1771 757 1773 744 1786 739 1788 730 1786 686 1773 684 1773 682 1773 680 1773 653 1786 649 1788 642 1786 585 1771 583 1771 581 1771 578 1771 576 1771 576 1773 559 1788 559 1790 484 1790 484 1828"/></Shape>
	    <String CONTENT="— Ça te dit rien?"
                    HPOS="484"
                    VPOS="1771"
                    WIDTH="533"
                    HEIGHT="85"
                    WC="0.9909290903144412"></String>
          </TextLine>

          
          
          <TextLine ID="eSc_line_fd64db38"
                    TAGREFS="LT4125"
                    BASELINE="477 1951 2679 1944" 
                    HPOS="475"
                    VPOS="1887"
                    WIDTH="2204"
                    HEIGHT="82">
            <Shape><Polygon POINTS="477 1951 477 1966 2674 1969 2679 1944 2674 1905 2443 1905 2410 1887 2408 1887 2406 1887 2403 1887 2342 1903 2280 1887 2278 1887 2276 1887 2274 1887 2271 1887 2245 1905 2197 1905 2164 1887 2161 1887 2159 1887 2069 1898 2007 1887 2005 1887 2003 1887 1939 1907 1847 1907 1800 1889 1798 1889 1796 1889 1794 1889 1747 1907 1596 1907 1547 1889 1545 1889 1543 1889 1424 1905 1347 1889 1345 1889 1342 1889 1290 1905 1210 1889 1208 1889 1140 1905 1001 1892 999 1892 997 1892 995 1892 968 1907 504 1892 501 1892 499 1892 497 1892 475 1905 477 1951"/></Shape>
	    <String CONTENT="Chtouki secoue d’abord la tête, puis son visage s’éclaire. Il adresse un"
                    HPOS="475"
                    VPOS="1887"
                    WIDTH="2204"
                    HEIGHT="82"
                    WC="0.9948243353817914"></String>
          </TextLine>

          
          
          <TextLine ID="eSc_line_0591c328"
                    TAGREFS="LT4125"
                    BASELINE="372 2041 2676 2041" 
                    HPOS="372"
                    VPOS="1986"
                    WIDTH="2304"
                    HEIGHT="71">
            <Shape><Polygon POINTS="372 2041 372 2057 2676 2057 2676 2041 2676 1999 2538 1986 2536 1986 2313 1997 2225 1986 2223 1986 2144 1997 1822 1986 1820 1986 1818 1986 1778 1999 1472 1999 1331 1986 1329 1986 1257 1999 862 1999 829 1986 827 1986 559 1986 556 1986 554 1986 552 1986 532 1999 372 1999 372 2041"/></Shape>
	    <String CONTENT="coup d’œil à Ramos, puis se retourne pour en adresser un autre au Barbeau."
                    HPOS="372"
                    VPOS="1986"
                    WIDTH="2304"
                    HEIGHT="71"
                    WC="0.9931945379575093"></String>
          </TextLine>

          
          
          <TextLine ID="eSc_line_efc05e2b"
                    TAGREFS="LT4125"
                    BASELINE="372 2129 2681 2129" 
                    HPOS="372"
                    VPOS="2074"
                    WIDTH="2309"
                    HEIGHT="75">
            <Shape><Polygon POINTS="372 2129 372 2145 2679 2149 2681 2129 2681 2090 2586 2090 2584 2087 2562 2074 2560 2074 2558 2074 2555 2074 2553 2074 2505 2085 2430 2074 2428 2074 2425 2074 2423 2074 2401 2087 2395 2087 2307 2074 2304 2074 2234 2087 2223 2090 1939 2090 1932 2085 1915 2074 1913 2074 1910 2074 1908 2074 1847 2085 1836 2085 1822 2085 1736 2074 1734 2074 1732 2074 1730 2074 1714 2083 1708 2087 1699 2083 1677 2076 1675 2076 1673 2076 1552 2083 1468 2087 1459 2083 1446 2074 1444 2074 1441 2074 1439 2074 1395 2083 1364 2087 372 2079 372 2129"/></Shape>
	    <String CONTENT="Il fredonne deux mesures, puis il se met debout sur son siège. Tout en"
                    HPOS="372"
                    VPOS="2074"
                    WIDTH="2309"
                    HEIGHT="75"
                    WC="0.9921271330873731"></String>
          </TextLine>

          
          
          <TextLine ID="eSc_line_e0a052bc"
                    TAGREFS="LT4125"
                    BASELINE="372 2217 2296 2215" 
                    HPOS="369"
                    VPOS="2164"
                    WIDTH="1927"
                    HEIGHT="75">
            <Shape><Polygon POINTS="372 2217 372 2237 2293 2239 2296 2215 2291 2175 499 2164 497 2164 369 2175 372 2217"/></Shape>
	    <String CONTENT="conduisant, accompagné par les deux autres, il se met à brailler:"
                    HPOS="369"
                    VPOS="2164"
                    WIDTH="1927"
                    HEIGHT="75"
                    WC="0.9878865524904051"></String>
          </TextLine>

          
          
          <TextLine ID="eSc_line_e4e9a757"
                    TAGREFS="LT4125"
                    BASELINE="482 2336 1212 2340" 
                    HPOS="479"
                    VPOS="2283"
                    WIDTH="733"
                    HEIGHT="82">
            <Shape><Polygon POINTS="482 2336 479 2356 488 2362 490 2362 493 2362 495 2362 803 2354 845 2365 847 2365 849 2365 1210 2354 1212 2340 1210 2301 990 2301 986 2299 948 2285 946 2285 944 2285 942 2285 940 2285 926 2299 924 2299 920 2299 847 2283 845 2283 843 2283 805 2296 805 2299 614 2299 612 2296 589 2285 587 2285 585 2285 583 2285 581 2285 570 2294 559 2285 559 2283 556 2283 554 2283 552 2283 482 2294 482 2336"/></Shape>
	    <String CONTENT="Si tu veux être heureux,"
                    HPOS="479"
                    VPOS="2283"
                    WIDTH="733"
                    HEIGHT="82"
                    WC="0.99640291929245"></String>
          </TextLine>

          
          
          <TextLine ID="eSc_line_124070c5"
                    TAGREFS="LT4125"
                    BASELINE="482 2459 951 2459" 
                    HPOS="482"
                    VPOS="2400"
                    WIDTH="469"
                    HEIGHT="75">
            <Shape><Polygon POINTS="482 2459 482 2475 951 2475 951 2459 951 2413 940 2402 940 2400 937 2400 935 2400 933 2400 931 2400 929 2400 902 2417 851 2417 818 2400 816 2400 752 2400 750 2400 748 2400 746 2400 722 2415 682 2400 680 2400 678 2400 675 2400 673 2400 673 2402 658 2417 581 2417 559 2400 556 2400 554 2400 504 2400 501 2400 499 2400 497 2400 482 2411 482 2459"/></Shape>
	    <String CONTENT="Nom de Dieu!"
                    HPOS="482"
                    VPOS="2400"
                    WIDTH="469"
                    HEIGHT="75"
                    WC="0.9997722307840983"></String>
          </TextLine>

          
          
          <TextLine ID="eSc_line_651e1c22"
                    TAGREFS="LT4125"
                    BASELINE="482 2578 1254 2582" 
                    HPOS="479"
                    VPOS="2521"
                    WIDTH="775"
                    HEIGHT="86">
            <Shape><Polygon POINTS="482 2578 479 2591 508 2604 510 2604 512 2604 807 2593 1235 2607 1237 2607 1239 2607 1241 2607 1252 2593 1254 2582 1254 2541 1138 2523 1135 2523 1133 2523 1089 2538 1087 2541 986 2541 981 2538 955 2523 953 2523 951 2523 799 2536 739 2521 737 2521 735 2521 733 2521 695 2536 693 2538 581 2538 578 2536 556 2521 554 2521 552 2521 550 2521 482 2534 482 2578"/></Shape>
	    <String CONTENT="Coupe les curés en deux,"
                    HPOS="479"
                    VPOS="2521"
                    WIDTH="775"
                    HEIGHT="86"
                    WC="0.9955003666877746"></String>
          </TextLine>

          
          
          <TextLine ID="eSc_line_48cebe98"
                    TAGREFS="LT4125"
                    BASELINE="482 2701 951 2695" 
                    HPOS="479"
                    VPOS="2635"
                    WIDTH="472"
                    HEIGHT="79">
            <Shape><Polygon POINTS="482 2701 482 2714 951 2708 951 2695 948 2653 933 2637 933 2635 931 2635 929 2635 926 2635 924 2635 922 2635 922 2637 902 2653 755 2637 752 2637 750 2637 748 2637 719 2655 680 2637 678 2637 675 2637 673 2637 671 2637 671 2640 653 2657 581 2657 559 2640 556 2640 554 2640 499 2640 497 2640 495 2640 493 2640 493 2642 479 2653 482 2701"/></Shape>
	    <String CONTENT="Nom de Dieu!"
                    HPOS="479"
                    VPOS="2635"
                    WIDTH="472"
                    HEIGHT="79"
                    WC="0.9895529001951218"></String>
          </TextLine>

          
          
          <TextLine ID="eSc_line_1bba0569"
                    TAGREFS="LT4125"
                    BASELINE="482 2822 1279 2818" 
                    HPOS="479"
                    VPOS="2761"
                    WIDTH="800"
                    HEIGHT="90">
            <Shape><Polygon POINTS="482 2822 482 2833 695 2846 697 2846 763 2835 836 2849 838 2851 838 2849 911 2835 1078 2844 1080 2844 1083 2844 1085 2844 1085 2842 1096 2833 1252 2844 1254 2844 1257 2844 1259 2844 1279 2831 1279 2818 1274 2776 915 2776 880 2761 878 2761 876 2761 873 2761 829 2772 783 2763 781 2763 779 2763 777 2763 777 2765 763 2776 667 2763 664 2763 662 2763 660 2763 660 2765 647 2778 574 2778 499 2763 497 2763 495 2763 493 2763 493 2765 479 2774 482 2822"/></Shape>
	    <String CONTENT="Fous les églises par terre"
                    HPOS="479"
                    VPOS="2761"
                    WIDTH="800"
                    HEIGHT="90"
                    WC="0.9795568762002168"></String>
          </TextLine>

          
          
          <TextLine ID="eSc_line_47e783ed"
                    TAGREFS="LT4125"
                    BASELINE="484 2939 836 2934" 
                    HPOS="482"
                    VPOS="2877"
                    WIDTH="354"
                    HEIGHT="90">
            <Shape><Polygon POINTS="484 2939 484 2954 642 2967 645 2967 836 2950 836 2934 834 2888 816 2877 814 2877 812 2877 810 2877 807 2877 805 2877 805 2879 792 2893 790 2895 722 2895 717 2895 671 2877 669 2877 667 2877 664 2877 662 2877 662 2879 647 2895 647 2897 638 2897 572 2897 508 2879 506 2879 504 2879 501 2879 499 2879 482 2893 484 2939"/></Shape>
	    <String CONTENT="Sangdieu!"
                    HPOS="482"
                    VPOS="2877"
                    WIDTH="354"
                    HEIGHT="90"
                    WC="0.9873826503753662"></String>
          </TextLine>

          
          
          <TextLine ID="eSc_line_6fa2eb59"
                    TAGREFS="LT4125"
                    BASELINE="482 3060 1371 3055" 
                    HPOS="479"
                    VPOS="2996"
                    WIDTH="892"
                    HEIGHT="88">
            <Shape><Polygon POINTS="482 3060 482 3073 906 3084 909 3084 911 3084 913 3084 929 3073 1347 3082 1349 3082 1351 3082 1353 3082 1371 3071 1371 3055 1369 3016 1334 2996 1331 2996 1329 2996 1327 2996 1325 2996 1294 3016 1155 3016 1107 2996 1105 2996 1102 2996 1100 2996 1098 2996 1098 2998 1080 3016 1012 3016 966 2996 964 2996 962 2996 959 2996 920 3016 862 3016 847 3000 847 2998 845 2998 843 2998 840 2998 713 3016 671 2998 669 2998 585 2998 583 2998 581 2998 578 2998 578 3000 565 3011 504 2998 501 2998 499 2998 497 2998 497 3000 479 3014 482 3060"/></Shape>
	    <String CONTENT="Et I&#x27; bon Dieu dans la merde"
                    HPOS="479"
                    VPOS="2996"
                    WIDTH="892"
                    HEIGHT="88"
                    WC="0.9863520647798266"></String>
          </TextLine>

          
          
          <TextLine ID="eSc_line_30e2f56c"
                    TAGREFS="LT4125"
                    BASELINE="482 3181 948 3176" 
                    HPOS="479"
                    VPOS="3117"
                    WIDTH="469"
                    HEIGHT="79">
            <Shape><Polygon POINTS="482 3181 482 3196 948 3190 948 3176 946 3128 929 3117 926 3117 924 3117 922 3117 920 3117 918 3117 918 3119 904 3132 902 3135 832 3135 832 3132 814 3119 814 3117 812 3117 810 3117 752 3117 750 3117 748 3117 746 3117 746 3119 730 3132 680 3119 678 3119 675 3119 673 3119 671 3119 671 3121 656 3137 581 3137 501 3119 499 3119 497 3119 495 3119 495 3121 479 3132 482 3181"/></Shape>
	    <String CONTENT="Nom de Dieu !"
                    HPOS="479"
                    VPOS="3117"
                    WIDTH="469"
                    HEIGHT="79"
                    WC="0.9998550690137423"></String>
          </TextLine>

          
          
          <TextLine ID="eSc_line_3aca1df2"
                    TAGREFS="LT4125"
                    BASELINE="482 3295 1375 3300" 
                    HPOS="479"
                    VPOS="3238"
                    WIDTH="896"
                    HEIGHT="77">
            <Shape><Polygon POINTS="1373 3253 1342 3240 1340 3240 1338 3240 1268 3256 1197 3256 1162 3256 1162 3253 1131 3240 1129 3240 1127 3240 1124 3240 1089 3253 1065 3253 1001 3253 990 3242 990 3240 988 3240 986 3240 984 3240 981 3240 951 3253 948 3253 893 3253 865 3253 851 3240 851 3238 849 3238 847 3238 783 3238 781 3238 779 3238 777 3238 777 3240 763 3253 719 3253 684 3253 684 3251 671 3240 671 3238 669 3238 667 3238 592 3238 589 3238 587 3238 585 3238 565 3251 506 3238 504 3238 501 3238 482 3247 482 3295 479 3311 1371 3315 1375 3300 1375 3260 1373 3253"/></Shape>
	    <String CONTENT="Et I&#x27; bon Dieu dans la merde"
                    HPOS="479"
                    VPOS="3238"
                    WIDTH="896"
                    HEIGHT="77"
                    WC="0.9957248994282314"></String>
          </TextLine>

          
          
          <TextLine ID="eSc_line_f951a08f"
                    TAGREFS="LT4125"
                    BASELINE="482 3421 942 3414" 
                    HPOS="479"
                    VPOS="3357"
                    WIDTH="463"
                    HEIGHT="79">
            <Shape><Polygon POINTS="482 3421 482 3436 942 3432 942 3414 935 3363 832 3372 825 3368 816 3359 816 3357 814 3357 812 3357 755 3357 752 3357 750 3357 724 3372 717 3374 713 3372 682 3357 680 3357 678 3357 675 3357 673 3357 673 3359 656 3374 656 3377 592 3377 578 3377 556 3359 554 3359 552 3359 501 3359 499 3359 497 3359 495 3359 495 3361 479 3374 482 3421"/></Shape>
	    <String CONTENT="Nom de Dieu!"
                    HPOS="479"
                    VPOS="3357"
                    WIDTH="463"
                    HEIGHT="79"
                    WC="0.9998054653406143"></String>
          </TextLine>

          
        </TextBlock>
        

        
      </PrintSpace>
    </Page>
  </Layout>
</alto>
