3060 3960
479 358 355 77 Un silence.

482 479 2194 86 — C’est normal. Nous vous le devions bien, madame... et également à la

369 569 879 82 mémoire de M. Ba¬fuleuse.

482 693 1217 74 Une pause. Le député regarde sa montre.

479 809 2197 86 — Il est onze heure trente. D’ici Lyon il y a 180 kilomètres environ... Ne

369 908 2305 71 les attendez pas avant quatorze heures trente, disons quinze heures. Je vous

376 992 770 72 verrai en début de soirée.

482 1111 306 74 Il écoute.

482 1234 2197 72 — Bien sûr, maintenant vous pouvez communiquer la nouvelle... Non, il

374 1326 2307 71 vaut meux dire ce qu’il en est... Je ne sais pas : l’avion a explosé en plein

376 1412 368 75 vol, disons.

482 1531 336 88 Un, temps.

486 1654 2190 81 — Bien sûr, il y aura une enquête. On nommera des experts, des

369 1742 2307 86 personnes sûres, l’intérêt d’Etat est en jeu... Et pour le reste, vous pouvez me

374 1837 2300 79 faire confiance, la mémoire de votre mari ne sera pas salie... Au revoir,

369 1925 599 72 madame. A ce soir.

479 2039 1997 79 Il repose le combiné. De nouveau la sonnerie. Le député décroche.

475 2160 2199 75 — Oui, lui-même. Nous avons les documents, monsieur le Préfet. Je vous

369 2252 2305 84 les remettrai moi— même... C’est cela, en main propre. (Il écoute.) Oui,

374 2343 2302 81 Mme Bafuleuse a été prévenue. Comme vous le pensiez, il y a un petit hic,

367 2433 2309 79 mais tout est réglé, rien ne transpirera. (Il écoute, regarde sa montre.)

369 2523 1504 81 Comme vous voulez... C’est cela. A tout à l’heure.

482 2642 405 75 Il raccroche.

482 2761 2197 88 — Comme ça, dit le commandant, ça ne fera pas de vagues. Un beau

372 2851 1290 83 scandale étouffé sans tambour ni trompette.

482 2970 968 88 Le député le regarde interloqué.

479 3088 2193 86 — Un scandale? fait-il. Qui parle de scandale?... Il n’y a aucun scandale.

482 3216 539 84 — J' peux entrer?

477 3328 2202 79 Dans le. dos du commandant, l’aubergiste vient de pousser la porte de la

372 3418 2307 84 salle d’école. Dehors, harcelant l’idiot, les enfants braillent leur refrain

372 3509 314 79 imbécile:
