3060 3960
486 367 1627 79 — J' te demande ce que tu as manigancé avec l’ouvrier.

484 484 711 74 Jeanne ne répondit pas.

486 602 1316 84 — T’es sourde, tu m’as p’t-être pas entendu?

477 719 2195 86 Le retour de Marguerite fit diversion. Elle s’arrêta sur le pas de la porte,

372 809 2194 79 intriguée par la scène. Mistigri lui jeta un coup d’œil et revint à la charge.

482 932 816 84 — J' t’ai posé une question.

479 1056 2197 81 Maintenant, Jeanne baisse la tête. Elle fuit le regard de son père qui

369 1141 1596 77 cherche le sien; elle explique, presque à voix basse:

484 1260 2192 84 — L’ouvrier, il est venu me défendre quand l’ Fernand, il a essayé de

369 1355 179 79 de...

475 1474 2201 74 Elle cherche le mot qui conviendrait, ou qui atténuerait la monstruosité

369 1559 2310 80 qu’elle va dire. Ne trouvant rien, elle relève la tête pour cracher fièrement à

372 1652 667 83 la figure de son père:

482 1768 1461 88 —... quand l’ Fernand, il a essayé de m' violer!

479 1887 2200 84 Le vieux la gifle. Jeanne détourne la tête, et le coup l’attrape au milieu du

376 1986 975 82 visage. Son nez se met à saigner.

479 2098 771 86 — Cré nom de bon Dieu!

479 2224 645 72 Le patriarche ricane.

488 2340 1662 86 — T' violer! Voyez-vous ça !... Sainte Nitou¬che, va!

477 2461 2199 75 Il s’excite et se met à proférer des obscénités en auvergnat. Lorsqu’il se

369 2549 2307 77 tait soudain, il voit tous les regards fixés sur lui. Cela le met en fureur. Ses

372 2640 2304 90 yeux se rétrécissent, deviennent semblables à deux fentes. Il remarque le

369 2730 2310 75 sourire en coin de la Mariette, le coup de coude qu’elle décoche à la Nane. Il

369 2822 2307 75 se calme instantanément: il s’agit pour lui de garder le contrôle de soi, de ne

369 2912 2010 86 pas perdre sa dignité; il se le dit et réussit à revenir au ricanement.

486 3027 854 88 — T' violer, sacré bon Dieu.

477 3150 2199 136 Il toise Jeanne. Il a un geste, bref de la main pour, désigner toute, sa

369 3249 313 75 personne.

484 3359 1393 88 — J' vois pas qu' ta robe soit déchirée ou quoi.
