3060 3960
369 363 2314 74 la graisse de l’animal commençait à couler et à grésiller. Saïd donna un quart

369 451 2307 77 de tour à la broche. Un gros volatile, chouette ou grand-duc, s’envola, se

372 541 526 88 réfugia plus loin.

477 660 2199 77 Ramos continuait sans désemparer de hurler tout le latin qu’il connaissait.

369 754 2310 71 Le ronronnement d’un avion de tourisme interrompit la cérémonie

369 842 2314 75 blasphématoire. Levant la tête, les femmes purent voir ses feux de position

369 935 2312 83 passer juste au-dessus d’une ligne de sapins. Ramos entonna en gueulant

376 1020 1552 80 l’Agnus Dei, et les vaches recommencèrent à mugir.

486 1144 2188 85 — Bon loup! s’exclama Marguerite. Depuis l' temps qu’on les a pas

372 1229 251 84 traites!

482 1350 1600 80 Elle éclata de rire. Nane la regarda sans comprendre.

482 1471 1028 86 — Elles seraient crevées, dit-elle.

477 1588 2197 79 Le rire de Marguerite et la mine de Nane firent s’esclaffer à leur tour

372 1680 585 77 Jeanne et Mariette.

482 1799 2194 95 — Sûr que l' vieux l’a fait y a pas bien longtemps, continua Nane. Même

369 1892 2299 81 bourré, c’est l’ genre de choses qu’il oublie pas, traire ses vaches...

374 1988 735 77 Pourquoi qu' vous riez?

479 2103 2195 79 Les rires des femmes redoublèrent. Les hommes leur firent écho. Chtouki

372 2193 733 84 prit Nane dans ses bras.

477 2310 1075 83 — Ma Nane, t’es merveilleuse, dis!

477 2428 2199 80 Il l’embrassa à pleine bouche. Elle se dégagea, affichant, mais avec nulle

369 2521 2307 77 simplesse, l’air vexé et buté et sérieux de la fille de village qui n’a guère plus

372 2611 2302 77 de biais que ses vaches. Chtouki revint à la charge, riant plus fort. Elle se

369 2701 2261 77 défendit encore, mollement, avec des grosses façons de pucelle chatouillée.

479 2822 2189 77 A ce moment, ils purent entendre le ronronnement de l’avion qui revenait.

482 2950 1389 66 — Faut les libérer, ces carnes! beugla Ramos.

477 3060 2199 77 Il se précipita vers l’étable, une, bouteille à la main. Mariette s’empara

372 3165 2309 80 d’un bâton et le suivit. Ils pénétrèrent dans les stalles en hurlant, détachèrent

372 3256 2300 81 les vaches, les poussèrent vers la porte. Les animaux se ruèrent dehors.

369 3344 1238 81 L’énorme flambée les assaillit, les affola.
