3060 3960
482 367 2194 88 — Alors, on a tout le temps pour ramasser les champignons, s’exclame

369 446 276 88 Chtouki.

477 569 2197 80 La virée se déroula comme une traînée brillante, continue, étourdissante.

372 660 2302 77 Les paysages défilèrent, les villes, les villas modern-style du Léman, les

369 750 2162 79 immeubles blancs de Genève, les bars, les restaurants, les grands hôtels.

482 873 605 75 Une semaine passa.

482 998 2201 69 Dans un night-club, sous un enchevêtrement de cages dorées où dansaient

369 1082 2307 77 nues des femmes emplumées, le Barbeau joua son pouvoir en trois coups de

369 1170 2314 84 dés. fl perdit, fut déposé. Au cours de la même partie, Ramos le releva et fut

369 1271 2310 66 déposé à son tour. Il passa la main à Saïd. Le lendemain les vivres vinrent à

369 1359 295 79 manquer.

482 1471 2197 75 Saïd et le Barbeau étaient allés dans une maison de jeux. Bien que

372 1564 2307 83 conseillé par le Barbeau, Saïd avait perdu tout l’argent qui restait à la

369 1656 410 71 communauté.

477 1771 2199 77 Ils s’en furent retrouver les autres à deux pas du casino, sur une petite

369 1861 1502 86 place déserte éclairée par de mauvais réverbères.

473 1980 2203 74 On les attendait assis sur le perron d’une église. Saïd et le Barbeau ne

369 2072 2305 84 dirent mot. A leur mine on comprit. Cette nuit-là, sur les marches de l’église,

369 2162 2305 75 on échangea des confidences comme sur une scène, à cinq mètres l’un de

374 2252 226 77 l’autre.

479 2369 1986 77 — Ac' train-là, dit Chtouki, on aura bientôt crevé d’faim par le fait.

482 2490 1250 84 — On pourrait arrêter et travailler un peu.

479 2611 2103 77 Cette proposition de Saïd déclencha un contre-enthousiasme général.

482 2734 1127 82 — Prononcez plus c' mot devant moi!

479 2849 905 83 Le cri émanait de Marguerite.

484 2970 2197 90 — J' vois pourtant qu' ça pour nous, dit Saïd. A force de dégringoler, on

376 3064 1724 73 va finir par r’devenir ouvriers. Autant prendre les d’vants.

486 3179 2188 85 — Travailler, s’indigna Ramos... Faire l' tapin pour un patron, t’y penses

372 3275 167 84 pas!

477 3388 2204 81 Pour une fois, Chtouki pensait comme lui. Il fit un clin d’œil à l’ivrogne et

369 3480 1119 88 précisa les implications de la chose:
