3060 3960
479 365 2200 75 Il rit grossièrement et, la maintenant à bout de bras, la regarde bien en

374 457 1043 71 face pour énoncer le vieux dicton:

1078 567 892 82 Quand las filhas se maridan

1036 664 969 70 Elas consenton en disent non...

479 781 2197 88 D’un coup de genou, Jeanne tente d’atteindre son promis aux parties pour

372 873 2304 84 lui épargner à jamais les grimpades. Tout saoûl qu’il est, l’ahuri pare

374 963 2300 75 l’attaque. D’un seul coup, sans effort apparent, il a bloqué le genou entre ses

372 1051 2302 84 cuisses. Puis, immobilisant la Jeanne d’une main, il la calotte par deux fois,

372 1141 2300 86 sans hargne, plutôt doucement, juste pour lui apprendre. Ensuite il la regarde,

372 1234 440 72 content de lui.

477 1350 2199 77 Cette niaise façon qu’il a de proclamer sa force fait crier la fille. Elle se

369 1441 2307 79 démène, donnant des dents et des griffes. Pour la calmer, le gros garçon lui

367 1542 2309 66 envoie une beigne en pleine figure. Les cris de la Jeanne passent dans le

369 1621 2301 77 suraigu. Les petits yeux de l’ivrogne se rétrécissent encore. Le bruit l’hor¬

367 1709 2312 79 ripile, et l’idée lui vient de lui passer une fois pour toutes une bonne tripotée

369 1806 2310 81 et après, pourquoi pas, une bonne niquée. Pour se dégager, il la taloche

369 1892 2312 77 derechef et, d’un bon coup de boutoir, la bascule dans les herbes en proférant

372 1980 477 77 des obscénités.

479 2096 2197 82 Attiré par les hurlements, Saïd survient. Il débouche de la grange où il

374 2193 2307 75 vient de passer la nuit. Il arrive tranquillement, de sa démarche souple et

369 2281 1709 84 élégante, d’une élégance naturelle et qui s’ignore. Il fume.

479 2400 2202 77 En voyant la scène, il écrase le bout de sa cigarette entre le pouce et

369 2490 2307 77 l’index, et la jette. Il tire Fernand par sa chemise et le frappe sur la bouche.

372 2585 2307 72 Le gros garçon, fou de rage et bavant du sang, recule vers la cour de la

369 2670 2307 77 ferme. Il se dirige vers un appentis adossé au fenil. C’est là que sont rangés

374 2761 2302 77 les outils. Saïd le suit, les yeux en éveil. Fernand l’insulte en auvergnat. Le

372 2853 2304 73 Kabyle demeure imperturbable. Jeanne s’est relevée et brossée ; elle

369 2943 1088 82 accompagne les hommes à distance.

479 3062 2195 86 — Hein, t’oses pas t’y frotter, clame son soupirant. T’oses pas t’y essayer

367 3152 2307 77 en face... Les bicots ça y va jamais qu' par-derrière, ça connaît qu' ça, par-

369 3238 309 86 derrière!

482 3363 2194 73 Il accompagne sa déclaration d’une mimique obscène, continue de

372 3454 2289 77 reculer. Il a presque atteint l’appentis dont Jeanne est en train de faire le tour.
