3060 3960
369 363 1684 85 point de franchir le rideau de perles, Ramos se retourne.

479 479 848 88 — Moumousse, appelle-t-il.

479 600 2197 77 Sur le dossier de la banquette avant de la 402, une chatte noire arque le

369 690 2312 80 dos, tous poils hérissés. Un chien rouge lui fait face, debout, les pattes en

374 785 645 84 appui sur la portière.

482 904 2194 70 Ramos revient vers la voiture. Le chien s’écarte, la queue entre les

369 992 2307 86 jambes, montrant vaguement les crocs. La chatte continue de ronfler. Ramos

372 1080 2302 79 la prend dans ses bras et revient vers le débit de boissons. Le chien le suit.

369 1170 2307 79 La chatte crache, se hérisse; le chien gronde. Ramos lui décoche un coup de

369 1262 2305 86 pied. Le chien continue de grogner sourdement en découvrant ses crocs, mais

372 1353 565 74 il reste à distance.

479 1471 2200 75 Ramos écarte le rideau de perles, franchit la colonne de poussière

369 1559 2307 77 brillante qui danse dans l’embrasure ensoleillée de la porte. Par contraste

374 1654 2305 73 avec la campagne que le soleil voilé a rendu encore plus aveuglante, la

369 1740 2307 79 buvette lui paraît obscure. Quand ses yeux se sont habitués, il voit une salle

369 1832 2310 77 de ferme, carrelée de grandes dalles noires, avec au fond dans le mur un lit à

369 1925 2307 72 rideaux et une grande cheminée dans laquelle on peut s’asseoir. Quelques

367 2013 2312 74 réclames pour marques d’apéritif sont accrochées au mr : il y a un comptoir

372 2103 2302 86 d’épicerie et plusieurs tables de bois flanquées de longs bancs polis par les

374 2193 367 77 frottements.

479 2307 2197 82 Le chien est resté dehors. Ramos dépose la chatte sur le bois lustré d’une

372 2402 2309 84 grande table de noyer. Les trois autres, le sourire errant sur leurs lèvres, ont

372 2492 2304 82 laissé leurs yeux s’adapter à la pénombre. Dans l’angle de la cheminée,

369 2585 2305 74 derrière le pot où recuit la potée, une grosse fille en tablier respire fort sans

369 2670 1949 88 parler. Saïd, qui est en avant, finit par la saluer d’un signe de tête.

484 2791 524 75 — Mademoiselle.

484 2912 905 77 La demoiselle ne répond rien.

479 3033 786 73 Les hommes se regardent.

482 3148 1140 86 — C’est bien un bistrot, oui? dit Saïd.

479 3269 2195 90 La grosse fille hoche vaguement la tête; on ne peut affirmer qu’elle a

372 3361 1133 84 compris. Elle continue à respirer fort.

482 3478 719 90 — Quatre anis, dit Saïd.
