3060 3960
479 365 595 75 Clairon, trompette,

482 479 581 90 Qui chie, qui pète,

482 600 572 79 Qui prend son cul

479 726 670 79 Pour une trompette...

484 838 2129 90 — J' peux entrer? répète l’aubergiste sur le pas de la porte entrebâillée.

484 959 814 88 — Un instant, dit le député.

479 1078 2197 90 Le grand sac de toile est posé devant lui sur la table. Le député range

367 1177 2314 70 dans une serviette de cuir un dossier volumineux sur la couverture duquel on

367 1256 2309 90 peut lire: « CADARACHE/TOP SECRET ». Puis il replace la serviette

372 1353 2194 77 dans le sac qu’il referme, répétant à mi-voix à l’intention du commandant:

482 1471 737 84 — N’y a aucun scandale.

477 1590 887 84 — Entrez, dit le commandant.

475 1713 2201 86 L’aubergiste pénètre dans la pièce, apportant des casse-croûte. Le député

372 1801 2307 75 s’est figé en contemplation devant la grande carte murale. Sur la France

367 1894 2312 75 muette, son index suit le contour pointillé d’un département, se pose sur un

367 1980 2309 90 petit rond noir. Il murmure quelque chose pour lui-mêihe, hoche la tête. Le

372 2072 636 75 cabaretier l’observe.

479 2191 2197 86 — On n’en fait plus des comme ça, s' pas, monsieur le Député? Y a guère

372 2285 2302 73 que les vieilles gens qui sont encore capables d’mettre des noms sur tous ces

369 2371 2213 99 points et d’réciter leurs départements avec préfectures et sous-préfectures.

484 2490 713 86 — Certes, dit le député.

482 2611 2199 88 — Bon, j' vous pose tout ça là... Si vous avez pas assez d’vin, j' vous en

372 2708 297 83 rapporte.

482 2820 504 86 — Merci, ça ira.

493 2941 2170 88 — Ah, aussi, j' voulais vous dire, puisque vous interrogez tout l'

369 3031 2307 75 monde... Y a aussi l’ vieux Charvaysse qui tient à vous voir. Mais faut pas

369 3121 2310 80 trop y faire attention, l’est complètement foutra¬que à c’t' heure... l’en a un

374 3216 803 73 bon grain si vous préférez.

482 3328 1560 86 — Ça ne fait rien, faites-le venir, dit le commandant.
