3060 3960
479 360 943 77 Sa main effleurait les douelles.

490 479 2175 86 — ... les planches, comme ça, juste mises l’une à côté de l’autre...

376 572 471 88 Regarde petite.

482 688 2109 79 Mariette regardait. Oui, c’était beau, elle n’y avait jamais fait attention.

479 811 2193 77 Ramos mit le tonneau en perce et remplit une pleine bouteille d’eau-de-

376 902 1552 74 vie. Il revint ensuite s’installer poitrine contre table.

477 1018 2199 79 Il souriait à Mariette. La chatte noire couchée devant lui le regardait les

372 1108 2309 91 yeux mi-clos. Mariette se tenait à distance, un peu dans l’ombre. Ramos prit

374 1203 920 75 son attitude pour de la frayeur.

484 1322 2190 86 — Toute petite, dit-il, je ne te ferai rien... Tu es toute petite... Rapporte-

369 1419 828 66 nous deux verres, veux-tu?

475 1526 2199 86 Pendant les jours qui avaient suivi la révolte, trimbalant son vieux fusil,

369 1621 2307 86 Mistigri avait erré dans la montagne en vociférant des imprécations

369 1709 410 86 désespérées.

477 1828 2199 79 Un jour qu’il était assis à l’ombre d’un ressaut de basalte, un peu après

372 1922 2304 75 l’heure de la sieste, il vit la vieille 402 quitter la cour de la Bastide. Les

369 2013 2310 74 quatre femmes y étaient tassées avec les hommes. Chtouki conduisait. La

372 2101 2304 77 Nane était installée à sa droite, puis Ramos; Mariette et Moumousse, la

367 2193 2309 75 chatte noire, se partageaient les genoux de l’alcoolique. Marguerite, le

374 2281 2036 77 Barbeau, Jeanne et Saïd étaient empilés à l’arrière avec les bagages.

477 2402 2204 75 Passé le portail en ogive, s’amorce la descente par le chemin en

367 2490 2312 77 corniche, bordé d’ormes. Chtouki coupa le contact, un vieux réflexe dont il

369 2585 2310 72 n’arrive pas à se dessaisir, pour économiser l’essence. Pendant que la 402

369 2670 2312 84 dévalait la pente en brinquebalant, malgré la distance, le patriarche épaula et

374 2765 2300 81 tira par deux fois. L’écho des coups de feu roula longtemps par la montagne,

369 2853 1044 84 mais la voiturée n’y prit pas garde.

484 2970 700 79 Ramos sifflotait un air.

482 3088 1268 88 — Qu’est-ce que c’est? demanda Mariette.

486 3212 438 85 — J' sais plus.

479 3330 1273 80 Il se tourna vers Chtouki, eut un clin d’œil.

486 3449 698 93 — Tu te rappelles, toi?
