3060 3960
369 451 956 83 quand ma femme s’est mariée...

486 360 2186 86 — Ah ! millodiou, je n' l’ai été qu’une fois, de noce, une fois d’ trop,

477 569 2197 77 Il s’esclaffe bruyamment, la bouche largement ouverte. Monsieur le

372 660 1976 74 Député sourit poliment. Il désigne le cabaretier aux deux officiers.

484 785 1228 81 — Je vous présente Boyer, le cantonnier-

479 902 2197 77 aubergiste-barbier des Martres... Un ami de longue date, insiste-t-il avec

372 1001 999 83 un air trop fin pour être honnête.z

482 1117 2194 86 — Vous avez une idée de ce qui s’est passé? attaque le lieutenant tandis

369 1212 1323 72 que le commandant l’observe avec intensité.

475 1326 2199 79 Gêné, Boyer secoue la tête en même temps qu’il détourne son regard vers

372 1421 1853 75 la colonne de fumée noire qui continue de monter dans le ciel.

479 1535 2195 79 — Là-bas? On a d’abord cru que c’était la ferme au Mistigri, et puis

367 1632 1394 73 comme y a c’t' avion qu’a tourné toute la nuit...

482 1746 1127 75 — Toute la nuit? insiste le lieutenant.

482 1870 2192 77 L’aubergiste hausse les épaules, ou plutôt il esquisse des épaules ce léger

369 1960 1101 75 mouvement qui signifie l’incertitude.

479 2079 1801 85 — Oh, bien pendant une heure... et puis y a eu c’t' explosion.

484 2200 1543 83 — Il y a longtemps? Vous avez une idée de l’heure?

482 2321 1468 72 — Faisait encore nuit... Pouvait être cinq heures.

484 2439 918 84 — Et personne n’est allé voir?

484 2558 2192 77 — Ça fait bien cinq six kilomètres et par des chemins, y faut voir. Et puis

372 2651 2302 77 tout à l’heure, on aurait dit qu’il y avait deux feux, un à la ferme, et un au-

369 2736 412 86 delà, alors...

479 2857 315 84 — Alors ?

477 2981 769 83 — Alors on a pas essayé.

486 3099 2197 86 — On n’a pas essayé, répète le lieutenant. Moi, c’est ça qui me paraît

372 3190 2304 74 bizarre, ajoute-t-il à l’intention du commandant et du député. On n’a pas

369 3280 2307 88 essayé. Vous ne portez jamais assitance à des personnes en danger? Si la

369 3370 1489 75 maison de votre voisin brûle, vous ne faites rien?

479 3489 1028 83 — D’accord, mais c’est pas pareil.
