3060 3960
488 360 2188 77 Voici venu le milieu de l’après-midi de ce dimanche de la fin septembre

369 453 2307 77 où les gendarmes mobiles sont venus recueillir et faire disparaître les restes

369 539 755 77 d’une fabuleuse canaille.

479 662 2200 75 De sa jasserie dans la montagne, le Tonton a observé à la jumelle la

367 752 2312 86 montée des gendarmes. Du coup, il a pris son grand bâton et s’est rapproché

367 842 2316 77 du village. La vue des ruines de l’avion et l’investissement du mont l’ont un

369 930 2310 79 instant amusé. Il n’y a plus grand-chose qui l’intéresse, mais quand il s’agit de

367 1023 2312 77 destructions il arrive qu’une petite flamme bizarre se mette à danser au fond

369 1113 2314 75 de ses yeux. Quand il a vu les gendarmes descendre les civières, il s’est

367 1199 2316 85 désintéressé de la chose et il est retourné dans sa jasserie. Sa journée était

372 1291 2304 75 faite, il quittait le monde. La négresse broyait l’herbe... Demain il

367 1381 2309 77 chasserait; maintenant il fume; tout à l’heure il va boire des liqueurs fortes

367 1471 2309 73 comme du métal bouillant- comme faisaient les chers ancêtres autour des

369 1559 2305 80 feux. Il se vautre dans les fourrures. Il a de l’or, il est oisif, il est sauvé. Dans

372 1656 1620 71 quelques instants, il va s’endormir, Roi parmi les rois.

482 1773 2194 77 A la Bastide, hommes et femmes font la sieste. Les hommes caressent les

372 1863 2304 81 femmes, les femmes caressent les hommes. Les dernières heures s’écoulent,

369 1953 903 82 calmes, heureuses, prospères.

477 2070 2199 77 L’enquête arrive à son terme. Maintenant, passé et présent vont se

367 2160 2312 86 rejoindre. Le piège est tendu, le ressort remonté à bloc. L’infernale

367 2252 2307 80 machinerie peut emporter nos glorieuses sœurs et leurs frères au terme de

369 2343 945 74 leur nécessaire anéantissement.
