3060 3960
484 360 887 88 — Bonsoir, répondit Mistigri.

484 479 1499 77 — Bonsoir, dirent Chtouki et le Barbeau en chœur.

482 602 1972 77 Il y eut un silence. Mistigri étudiait les trois hommes. Il demanda:

484 723 999 84 — Vous cherchez quelque chose?

482 840 2192 88 Son visage n’avait pas bougé quand il avait parlé. On aurait pu le croire

372 935 1904 74 de pierre. Les autres parurent intimidés. Saïd se força à sourire.

482 1051 1761 88 — C’est qu' j' sais pas trop c' que vous pourriez nous offrir.

477 1170 2199 75 Il avait laissé traîner dans ce qu’il venait de dire une nuance

369 1260 2307 79 interrogative. Mistigri parut se dérider. Ils eurent même l’impression qu’il

372 1357 262 84 rigolait.

490 1469 2189 90 — J' crois bien que vous vous trompez, dit-il, finaud. C’est quelqu’un

369 1564 1273 81 d’autre que vous devez chercher; pas moi.

479 1680 1189 84 — C’est bien vous m’sieur Charvaysse?

482 1801 1684 88 — Les Charvaysse, c’est pas ça qui manque dans le pays.

479 1920 1290 79 Maintenant, il riait franchement; il répéta:

482 2046 1096 83 — Pour sûr, c’est pas ça qui manque.

482 2162 2201 77 Mine de rien, il observait plus particulièrement le Barbeau qui évoquait

367 2252 2316 84 pour lui, il ne savait trop pourquoi, la personne du Tonton; peut-être tout

369 2347 2312 70 simplement parce que c’était un nègre et que dame! un nègre par ici c’était

369 2431 2307 88 plutôt une curiosité, du drôle de monde enfin qui ne pouvait avoir affaire

372 2521 563 75 qu’avec le Tonton.

482 2637 1723 86 — C’est bien vous qu’on appelle Mistigri? demanda Saïd.

482 2763 1241 75 Le vieux hocha la tête. Il y eut un silence.

479 2879 2142 86 — Je vous ai demandé si vous cherchiez quelque chose, finit-il par dire.

484 3003 990 83 — Ça dépend... commença Saïd.

482 3121 2194 77 Bonloup! C’était quand même pas le Mistigri qui allait céder devant ces

372 3212 2304 85 grosses façons matoises. Il avait tout son temps, vingt dieux! Il regarda le

369 3304 2314 73 ciel. L’orage n’avait pas encore franchement éclaté; quelques pets de-ci et

369 3392 2312 77 de-là, quelques bourrasques, à vrai dire il avait tourné en rond pendant un

369 3484 2307 86 bout de temps. On avait même pu le croire définitivement écarté quand il
