3060 3960
475 360 2201 86 Ce fut à ce moment que son frère Mistigri déboula. Stupéfait, l’abbé

369 451 2312 77 considéra son visage griffé, ses vêtements déchirés, et s’avança la main

374 545 235 73 tendue.

482 660 1048 85 — Quô vai (Ça va?) demanda-t-il.

486 776 2186 90 — Quô vai! A, vai ben. E tu? (Ça va! Ah, je vais bien, et toi ?) Non,

372 875 543 82 mais tu vois pas!

482 994 799 84 — Qu’est-ce qui se passe?

479 1108 533 86 — Où est le car?

482 1232 997 88 — Il y a longtemps qu’il est parti.

479 1353 2193 83 Le vieux poussa un meuglement de bête. Le prêtre regarda sa montre,

369 1438 1143 91 puis la pendule du clocher de l’église.

484 1562 2195 74 — Bientôt huit heures, dit-il. Le car était à sept heures... et encore : il a

367 1650 2307 85 pris du retard à attendre que tous les conscrits soient là. Qu’est-ce qui se

372 1744 231 82 passe?

484 1861 1624 77 Mistigri eut un rugissement. L’abbé désigna sa voiture.

482 1984 1184 81 — Tu veux que je te descende en ville?

482 2103 2197 79 Mistigri fit entendre un nouveau rugissement qui pouvait passer pour un

369 2191 196 83 refus.

482 2312 1525 86 — Mais qu’est-ce qui se passe? demanda le prêtre.

479 2433 2195 81 A bout de nerfs, le vieux se lança dans un discours incompréhensible,

369 2519 2307 79 moitié français, moitié auvergnat. Il y était question de folles, de bain, de

372 2611 2302 77 bâton, de Bougnoules, de putains, de folles encore, et de morsures fessières

369 2701 2307 88 pour finir. Le prêtre le crut ivre. Il eut un regard rapide vers le débit de

369 2794 2305 74 boissons, où les éclats de rire traversaient déjà le rideau de perles. Mistigri

369 2882 2312 74 intercepta le regard de son frère. Il tourna la tête, poussa un gémissement

374 2972 2309 72 sourd et fit un mouvement dans la direction du café. L’abbé le retint

369 3062 2307 77 fermement par le bras en secouant la tête. Le patriarche darda ses veux dans

372 3152 2304 77 les siens avec ce vieil air de force et de sauvagerie qui autrefois faisaient si

372 3247 2307 70 bien transir. Le prêtre ne s’émut pas; un mince sourire vint même effleurer

372 3328 2302 82 ses lèvres. Mistigri se sentit deviné; cela le rendit fou. D’un geste brutal, il

374 3423 1990 79 se dégagea et se précipita vers le bistrot en bégayant et gesticulant.
