3060 3960
1494 367 71 68 et

1243 481 670 77 DE PARLER PATOIS

477 600 1607 77 Quand son regard revient sur les militaires, il ajoute:

482 721 2197 77 — C’est des choses qu’on n’a pas à déballer devant des étrangers, mon

369 809 427 75 Commandant.

482 932 922 75 Puis il se détourne pour sortir.

482 1049 1281 77 — Monsieur, l’arrête l’officier. Monsieur...

484 1172 834 86 — Boyer, précise le député.

482 1293 2192 84 — Monsieur Boyer, poursuit le commandant, c’est une enquête que nous

372 1381 2287 77 faisons. Vous êtes tenu de vous montrer coopératif avec les forces de l’ordre.

477 1502 2197 75 De nouveau le cabaretier fait face à la table où siègent les trois hommes.

372 1592 2304 75 Il se campe devant, jambes écartées et pose ses mains dont il ne sait que

372 1683 1140 85 faire en appui sur le plateau de chêne.

479 1801 2197 86 — Qu’est-ce que ça peut sentir le renfermé, cette école, fait remarquer le

369 1896 412 73 commandant.

477 2010 2199 84 Le lieutenant se lève et se dirige vers la fenêtre. Boyer regarde l’autre

369 2101 639 77 officier bien en face.

479 2219 2197 77 — Elle ne sert plus, dit-il, il n’y avait plus que trois élèves. C’est moi qui

372 2310 2302 88 garde la clé depuis que le dernier Maître est parti. Maintenant, les enfants

374 2402 2051 77 doivent faire leurs sept kilomètres à pied s’ils veulent aller à l’école.

482 2521 2040 79 Il se tait, dévisageant le député dont les doigts pianotent sur la table.

482 2640 997 85 — Je ne l’ignore pas, dit celui-ci.

482 2763 2199 75 Le lieutenant vient d’ouvrir la fenêtre. Le son des coups de marteau

372 2851 1417 79 envahit la pièce. Le lieutenant se met à brailler.

484 2970 345 85 — Guérin!

482 3088 605 86 — Mon Lieutenant?

479 3209 2035 82 A l’extérieur, un gendarme s’est arrêté, les bras chargés de chopines.

482 3330 1433 86 — Qu’est-ce que c’est que toutes ces bouteilles?
