3060 3960
479 365 2197 75 Ramos ne répondit pas. Mariette poursuivit, s’excitant à mesure qu’elle

369 448 260 88 parlait:

479 569 2197 77 — Nous aussi, faut qu’on vive !... On l’aurait p' tête même emmenée avec

369 660 2307 77 nous si elle l’avait mérité — et si elle t’y avait bien fait ça... Mais s' faire

372 750 2302 90 payer! T’es qu’un ivrogne, tu m' dégoûtes... dégoûtes... (Elle se mit à crier.)

372 838 442 77 DEGOUTES!

479 959 1332 79 Il y eut un silence qui parut la laisser brisée.

479 1080 1198 86 — Sale, baveux, imbécile, Bougnoule...

484 1212 2199 66 Ses yeux dans les yeux, son couteau toujours pointé, elle se rapprochait

369 1291 2310 75 de lui, continuant à l’insulter à voix basse. Ramos reculait, guettant le

367 1379 2314 79 moment où il lui faudrait attraper l’arme. Mariette soudain s’élança, laissant

369 1474 2312 72 tomber le couteau. Ramos esquissa un mouvement de parade. Elle n’y prit

369 1559 2310 91 pas garde, n’eut pas à le comprendre: elle avait depuis longtemps oublié le

372 1656 2304 73 couteau. Elle noua ses bras autour de son cou, posa sa tête contre sa poitrine

369 1740 729 75 et dit tout bas à Ramos:

484 1861 2186 88 — J' sais pas c' qui s' passe... Et j' sais pas non plus trop c' que c’est...

372 1949 2302 86 Mais j' crois bien que j' t’aime. (Elle le regarda bien dans les yeux.) Oui,

372 2037 673 90 imbécile, je t’aimeuh!

479 2160 2202 79 Pétrifié, Ramos lui caressait les cheveux. Au bout d’un moment, il réussit

372 2246 334 77 à lui dire:

482 2371 2194 77 — Mais t’es toute petite, toute belle, toute pure, et j' suis un vieux ivrogne

372 2461 706 75 tout sale et mal foutu...

486 2580 2186 88 — M’en fous... T’es un vieux ivrogne dégueulasse qu' j’aime... Et puis

374 2677 1690 73 aussi, j' suis pas si p’tite que ça, et pas si pure, tu verras.

479 2789 1601 79 Elle s’écarta de lui, le regarda malicieusement et dit:

479 2917 1691 68 — Homme sans amour ne vaut mieux qu’épi sans grain.

482 3029 2192 86 L’après-midi est déjà bien avancé. Vers l’Occident, dans les lointains,

372 3121 2304 77 le ciel commence à s’empourprer. Bientôt le soir va descendre lentement sur

374 3216 1391 81 la campagne tranquille, bruissante de criquets.

479 3326 2197 81 Bien à l’écart de la route, la 402 est arrêtée dans un bois de chênes, sur

369 3421 2305 77 un chemin de traverse. Il fait un peu chaud. Pieds nus, Jeanne barbote dans le
