3060 3960
479 360 2200 80 Pour manipuler le grand portail de bois, il a l’habitude d’appuyer son

372 455 2307 70 engin contre le mur et, avant de le rentrer, d’accrocher le battant qui a

372 545 2304 82 tendance à se refermer tout seul. Ce sont des gestes devenus depuis

372 629 2304 81 longtemps mécaniques. Lorsqu’il a réussi tant bien que mal à immobiliser le

367 721 2309 88 panneau, ce grand benêt d’ivrogne se rappelle qu’il doit bientôt partir et qu’il

369 814 2307 72 n’a que le temps de faire son baluchon. Inutile donc de ranger la mobylette

372 904 2302 83 puisqu’il va en avoir besoin pour se rendre à l’arrêt du car. Là-bas, se dit-il,

367 990 2309 90 je la fermerai dans le fenil au Marcepoil. Il hausse les épaules et s’apprête à

367 1080 2307 79 refermer le vantail quand son regard retient quelque chose dans les premiers

369 1172 714 82 rayons du soleil levant.

479 1289 2197 79 Il lâche la porte et fait quelques pas vers le fond de la grange. Les quatre

369 1381 2307 77 étrangers dorment dans le foin. Eugène manque trébucher dans les pieds de

374 1471 321 75 l’un d’eux.

482 1586 455 90 — Vingt dieux!

477 1713 2199 75 Il se recule, bute dans une vieille araire, grogne. A ce moment le portail

372 1801 2304 88 se referme bruyamment, et la grange est plongée dans l’obscurité. Eugène

367 1892 2305 85 jure. Il cherche son chemin pour sortir. Tâtonnant, titubant, il longe les murs.

369 1984 2307 73 Il est pris d’une soudaine envie de vomir. Ses doigts trouvent la clenche. Il

372 2072 2304 75 soulève le loquet de la porte, l’ouvre. Il est dehors. Il se penche, jambes

369 2162 1475 75 écartées. Il vomit bruyamment, en s’éclaboussant.

479 2283 2200 75 Dans la salle commune, l’eau bout sur le poêle à bois. Marguerite prend

369 2369 2310 79 la casserole, verse l’eau dans la grande cafetière émaillée, la porte sur la

374 2461 2307 77 table. Sous la hotte, Mistigri tisonne le feu dans l’âtre du bout de son bâton

369 2549 2310 82 ferré. Marguerite y jette une poignée de petit bois pour le faire repartir. En

369 2642 2312 75 attendant que la soupe se réchauffe dans le pot culotté de suie, ils boivent un

369 2730 1037 75 bol de café noir mêlé de chicorée.

477 2849 2199 77 Sur la table, Eugène a posé une vieille valise de cuir. Elle est toute

369 2941 2307 77 déglinguée, avec des ferrures et des renforcements métalliques récents. Elle

372 3033 2304 84 a appartenu au Mistigri. Eugène y jette pêle-mêle des chemises, des

369 3124 2307 83 caleçons, des chaussettes abondamment reprisées, des tricots et quelques

372 3212 2302 88 saucissons. En cadeau pour le départ, Mistigri y ajoute une bouteille de

376 3302 200 86 gnôle.

484 3418 621 91 — Merci, dit Eugène.
