3060 3960
369 365 2180 75 n’ose plus bouger. Saïd étend doucement la main et la pose sur sa croupe.

479 479 1059 84 — Mademoiselle, commence-t-il...

479 602 2193 84 Il s’arrête, pouffe; elle le regarde sans comprendre, regarde les autres,

372 693 2304 74 rougit. Immobile, elle sent la main de Saïd qui descend le long de sa cuisse

369 778 2305 82 et remonte lentement.. L’épaule de l’homme frôle sa poitrine. Elle ouvre la

372 871 2023 77 bouche niaisement. La main de Saïd continue sa course. Il lui sourit.

479 985 1011 88 — Bien brave, dit-il à moitié bas.

479 1113 1189 75 Du coup, elle ose encore moins bouger.

482 1229 1668 80 — Où sont les gens? demande Saïd à brûle- pourpoint.

482 1350 1320 77 Elle le fixe paniquée. Tout son corps frémit.

482 1467 550 86 — Nhin... Nhin...

479 1588 2197 79 Elle secoue la tête et s’enfuit soudainement à l’intérieur. Saïd regarde ses

367 1680 2309 80 compagnons d’un air faussement abasourdi. Il y a une nouvelle explosion de

372 1775 187 73 rires.

482 1889 2192 77 Dans sa hâte, la grosse fille a laissé la bouteille de picon sur la table.

369 1980 2307 79 Ramos mélange l’apéritif et la bière. Il verse un peu de picon à même la

369 2072 1161 75 table. La chatte le lape soigneusement.

477 2191 1469 86 — Quand est-ce qu’on mange? demande Chtouki.

482 2314 2194 86 Un peu plus tard, les portes de l’église s’ouvrent. Les paysans

367 2402 2309 75 commencent à sortir de l’édifice. Des visages se lèvent. Les gros nuages

367 2492 2314 77 noirs roulent de plus en plus bas dans le ciel ; tout un paquet projette son

369 2580 1706 88 ombre sur le village, mais on dirait qu’il glisse vers l’est.

479 2699 2202 81 Ramos quitte la terrasse du café, laissant sa chatte sur la table. Le chien

369 2791 2310 77 rouge s’approche. Chtouki le menace de la pointe de sa botte. Le chien reste

372 2884 2311 81 à distance. En vacillant légèrement, Ramos traverse la place. Il passe au

372 2974 2307 73 milieu des groupes. On le regarde, mais on regarde aussi le ciel : le soleil

367 3062 1281 86 reparaît, l’orage semble vouloir s’éloigner.

479 3183 2197 75 Ramos va jusqu’à la 402. Il fouille dans le tas d’affaires en vrac qui

367 3271 2307 81 recouvre la banquette arrière. Il fait tomber une mallette de carton bouilli,

367 3361 2309 75 écarte la veste crème de Saïd, quelques pulls et chaussettes, et tire

374 3451 2300 80 finalement du fouillis une bouteille de Cognac. Il sue, il est tout rouge, les
