3060 3960
367 365 2307 72 éclate à l’intérieur. Ils entrent tous en se bousculant, hommes et femmes

372 451 301 77 emmêlés.

479 569 2195 80 Immédiatement, les cris et les rires s’arrêtent. Mistigri s’est redressé.

369 662 2305 77 L’air ahuri, les yeux rouges, il regarde alternativement son pantalon et les

369 765 608 62 nouveaux arrivants.

477 871 1693 77 — B’soir, fait Ramos louchant sur la bouteille renversée.

482 992 2192 75 Mistigri les contemple tous comme s’il était en proie à une hallucination.

369 1080 2310 77 Un rire bref de Mariette fuse. Ramos se déplace silencieusement à travers la

369 1168 2307 90 pièce en direction de la cave. Chtouki renifle. Un sourire discret se dessine

372 1258 684 77 sur les lèvres de Saïd.

484 1379 2195 79 — Pas possible, il existe encore! s’exclame le Barbeau d’une voix

372 1471 614 75 faussement étonnée.

484 1592 2192 77 Marguerite soupire et secoue la tête; Jeanne passe lentement d’une jambe

372 1680 1743 77 sur l’autre; Nane hausse les épaules; Mariette ne fait rien.

484 1801 1437 75 — Si, c’est possible, dit Nane, le front soucieux.

479 1922 2004 82 — Il existe encore, dit Mariette dévisageant le vieux d’un air grave.

479 2041 2195 77 Ramos revient. Il tient une bouteille dans chaque main, en pose une

369 2127 500 88 devant Mistigri.

479 2252 544 82 — Tiens, sers-toi.

477 2369 2199 77 Pour donner l’exemple, il boit lui-même une rasade au goulot de l’autre

369 2459 2303 88 bouteille. La main du vieillard se tend machinalement vers la bouteille,

372 2549 473 75 s’arrête, hésite.

479 2668 2116 90 — Vas-y. Te gêne pas. Va t' falloir du courage. Mistigri a un air attentif.

484 2789 533 90 — Vas-y, j' te dis.

482 2915 2199 74 Maintenant, une expression enfantine joue sur le visage du vieux. On

367 3003 2307 81 dirait un gosse qui va faire une blague. Il remplit son verre en tremblant,

374 3097 647 79 avec un sourire gêné.

482 3209 1246 88 — C' que ça pue, là-dedans! dit Mariette.

477 3328 2202 79 Elle se précipite vers les fenêtres pour les ouvrir. Mistigri boit. Grâce à

372 3421 2307 77 l’alcool, il se sent beaucoup mieux. Le jour qui pénètre davantage dans la

372 3513 2309 86 pièce lui fait cligner les yeux. Pour lui, ils se découpent tous à contre-jour et
