3060 3960
479 365 2200 75 En chantant, elle passa devant les hommes et les femmes, parvint au

372 453 2304 75 mouton. L’animal était couché sur le flanc. Il tourna la tête à son approche.

372 547 2307 73 Mariette la lui attrapa par la toison, la retourna. D’un geste preste, elle baissa

372 631 1069 84 le couteau et trancha. Le sang gicla.

479 748 2197 81 Saïd présenta un bol. A flots saccadés, le sang s’écoula dedans. Le bol

369 842 1894 82 déborda. Saïd but, puis représenta le bol sous la gorge ouverte.

482 963 2197 75 Majestueux, Ramos parut à ce moment. D’une incision et d’un coup de

369 1049 2307 81 tête, il s’était fait un trou dans un morceau de tissu de soie brodé d’or et y

374 1144 2305 74 avait passé son visage basané et dodu. L’étoffe formait sur lui une manière

369 1229 2305 77 d’aube. On aurait dit un prêtre. Il prit le bol des mains de Saïd. Un souffle

369 1322 2087 75 d’air gonflait doucement son vêtement. Il souleva le bol et psalmodia:

482 1441 742 74 — Introïbo ad altare Dei.

479 1562 2197 92 Avec gravité, il se retourna, et d’un pas solennel parcourut l’assistance. Il

369 1652 2305 86 monta sur un tabouret, puis sur une table qui avaient jusqu’alors échappé à

374 1742 1611 77 l’incendie, s’agenouilla et se recueillit face au brasier.

479 1861 2087 77 Le silence dura. On n’entendait plus guère que les craquements du feu.

484 1984 1063 81 — Venite, apotemus, chanta Ramos.

479 2096 2195 82 Il avait été jadis enfant de chœur et fait un peu de latin chez un curé, là-

369 2189 2310 81 bas au Portugal, mais dans sa bouche la langue des Pères de l’Eglise avait un

369 2281 2305 77 son bizarre. Il descendit cérémonieusement de son piédestal, vint vers les

372 2376 2307 81 autres, tourna autour. Il se désignait en se frappant vigoureusement la

372 2464 284 85 poitrine.

482 2585 2192 72 — Hoc est enim corpus meum, ceci est mon corps, annonça-t-il plusieurs

372 2670 1435 84 fois afin que tout le monde en fût bien persuadé.

479 2789 2140 79 Il s’arrêta, fit le signe de la croix au-dessus du bol. Ils se signèrent tous.

479 2912 2197 84 — Ceci est mon sang! clama Ramos. A genoux, salopes! Priez, nom de

372 2996 217 88 Dieu!

482 3124 2194 74 Une à une, les femmes s’agenouillèrent en baissant les yeux, les mains

369 3214 2305 83 jointes. Ramos passa le bol de l’une à l’autre. Elles burent, lentement,

372 3304 477 73 religieusement.

479 3418 2193 86 Pendant ce temps, Chtouki et Saïd avaient rempli la fosse de braises,

369 3509 2305 83 tandis que le Barbeau qui fut boucher à l’armée dépouillait le mouton. Déjà
