3060 3960
369 378 2305 62 malin au tout dernier moment. Il connaît bien ce genre de situation: des gars

372 455 2062 75 qui veulent faire les malins au tout dernier moment, il y en a toujours.

475 569 2201 88 Quelques pierres roulent à terre. La femme fait quelques pas dans la

369 662 2305 77 direction du groupe. Elle avise un gars qui a gardé une main dans la poche.

369 752 2305 86 Elle se précipite sur le drôle, lui empoigne l’avant- bras. Le gars desserre

372 840 1891 110 les doigts, laisse tomber un silex. Elle le regarde dans les yeux.

482 963 1644 84 —On a juste ramassé des pierres, c’est tout, dit le gars.

482 1084 1318 82 —On a juste ramassé des pierres, c’est tout.

477 1199 2199 88 Elle s’est campée devant lui et parodie l’attitude du chenapan. Elle

367 1293 2309 73 retrouve ses yeux ahuris, sa bouche entrouverte et surtout son allure

367 1381 2312 77 démanchée, comme si les quatre membres avaient du jeu. Elle a du talent

369 1471 2307 84 pour ce genre d’effets: au café, quand elle conte des histoires, c’est une

372 1564 2300 81 manière de théâtre permanent. Le garçon se balance d’un pied sur l’autre,

374 1654 2168 81 souriant niaisement. La femme marque une pause, redevient elle même.

482 1775 2183 79 — On a juste ramassé des pierres comme ça... pour jeter aux touristes...

372 1865 1721 84 pour montrer qu’on part au régiment, qu’on est un homme!

482 1980 502 83 Nouvelle pause.

490 2103 2184 83 — Tout ça parce qu’on est en compagnie... et qu’on veut faire les

369 2193 2305 84 malins!... Alors on attaque les touristes... et en bande s’il vous plaît,

369 2283 835 84 puisqu’on est si courageux!

482 2404 726 84 Le gars désigne Ramos.

482 2523 832 84 — C’est lui qu’a commencé.

479 2642 1819 75 — Et comment donc! Bien sûr que c’est lui qui a commencé!

482 2756 1442 93 — Regarde le Fernand, regarde c' qu’il lui a fait.

486 2882 2195 79 — C’est sans doute que l’ Fernand a voulu faire F malin. Il devrait

372 2974 1701 84 pourtant savoir qu’il a guère plus de biais qu' ses vaches.

484 3091 2190 85 — Il faisait rien. Il était seulement tout près d’ la voiture. Même pas

369 3183 2307 86 appuyé. (Le gars a un geste en direction de Ramos qui allume une cigarette à

369 3271 1539 86 celle qu’il va jeter.) C’est lui qu’a sorti son couteau.

486 3392 2186 75 — Et sûrement que l’ Fernand faisait rien, qu’il était seulement tout près

372 3498 2172 63 d’la voiture, même pas appuyé, simplement comme ça, pour dire bonjour.
