3060 3960
477 360 2197 80 L’aubergiste sort. Le député attend qu’il ne soit plus à portée de voix pour

372 451 184 74 dire:

482 569 2197 80 — Justement, il faudrait quand même savoir à quel point ils sont au

367 660 799 74 courant à la ferme là-haut.

484 783 2192 72 — On verra bien, dit le commandant mordant à pleines dents dans une

367 871 2312 81 énorme tranche de pain bis. J’attends le retour du sergent Manchetti... On

376 963 1825 75 verra bien. De toute manière, ils la boucleront. Ils ont intérêt.

479 1082 1257 84 — Je n’en reviens pas, murmure le député.

482 1201 2188 77 Un verre à la main, tourné vers la carte de France, il se parle à lui-même.

486 1322 2190 75 — Le Mistigri, quand même, c’était une personnalité... C’est drôle de

374 1408 559 90 vieillir à ce point.

479 1533 888 73 — Entrez, dit le commandant.

479 1650 2153 79 Le lieutenant pénètre dans la salle de classe, un gendarme sur les talons.

482 1773 2199 72 — J’ai été faire un dernier tour, mon Commandant. Il ne reste plus rien

369 1861 2314 79 qu’un peu de ferraille... La peinture et tout le reste ont flambé. On ne pourrait

369 1953 973 75 même plus retrouver un numéro.

479 2068 2195 79 — Très bien Fournier... Envoyez-moi Manchetti dès son arrivée. Et puis

369 2162 2305 82 rassemblez les hommes, je n’aime pas les voir traîner sur la place. C’est tout,

374 2250 1508 88 vous pouvez disposer. Qu’est-ce qu’il y a, Guérin?

482 2371 2192 86 — Mon Commandant, y a l’idiot du village qui prétend qu’il peut nous

372 2461 1067 86 aider, annonce le gendarme Guérin.

482 2582 1305 84 — Encore celui-là! Bon, voyez ça avec lui.

482 2703 2197 77 — Bien, mon Commandant... Et y a le vieux bonhomme de la ferme aux

372 2791 1800 86 Bougnoules qui veut vous voir, un nommé Stérique ou Stigri.

482 2906 1021 90 — Vous faites de l’esprit, Guérin?

482 3033 1785 75 — Non, mon Commandant. Mes respects, mon Commandant.

482 3154 1345 73 — Bon, faites entrer votre homme hystérique.

484 3273 1063 82 — A vos ordres, mon Commandant.

477 3392 2197 75 Au moment où le gendarme sort, Mistigri entre en le bousculant. Le

369 3482 1260 84 député fait un pas vers lui, la main tendue.
