3060 3960
488 371 1116 75 — J' crois rien. J' dis qu' faut essayer.

484 479 2188 84 — Moi, j' crois, fait Loulou en ricanant... J' crois qu’on a qu’à monter là-

372 572 1664 74 haut et leur fout' une branlée à tous, pour leur y montrer.

479 690 2197 77 Les gendarmes s’esclaffent bruyamment. La bagarre, eux, ils ne sont pas

369 783 2307 75 contre. Ils sont pleins comme des vaches, extrêmement joyeux et l’aventure

369 869 1836 81 les tenterait bien. Suffirait d’avoir le feu vert du commandant.

482 992 2194 75 Jeannot regarde les gendarmes du coin de l’œil, un peu effrayé de

372 1082 818 73 l’audace de ses camarades.

482 1199 2197 88 — Faut quand même faire attention, dit-il entre haut et bas. I' risquent

374 1293 887 75 d’être armés, les Bougnoules.

479 1408 1618 79 Exhibant son fusil de chasse, le vieux Mistigri clame:

479 1535 837 79 — Nous aussi, on est armé!

477 1652 2199 75 Avec un claquement sec, la lame d’un couteau à cran d’arrêt vient de

369 1742 925 84 jaillir dans la main de Loulou.

477 1861 1171 86 — Les ratons, moi, ça m' fait pas peur!

479 1982 2202 77 Les gendarmes s’étouffent de rire. Jeannot leur coule de nouveau un

372 2076 711 82 regard par en dessous.

488 2191 2188 88 — Les gendarmes, i' s’raient p’tête pas d’accord, fait-il remarquer

372 2281 372 79 timidement.

477 2400 2199 79 — T’occupe, dit Loulou. Les gendarmes i' z’y savent bien, tiens. On n’y va

369 2492 2085 86 pas en traîtres, nous. Même qu’on prend leurs armes à eux, la preuve!

479 2609 2197 79 Satisfait de la tournure prise par les événements, Mistigri s’envoie une

369 2701 2307 84 grande lampée de gnôle et se lève de table. Il sort du bistrot, un groupe de

369 2791 2312 91 jeunes gens sur les talons. Il a l’intention d’aller parler aux gars qui tournent

372 2884 2307 72 autour du bal, sur la place. A son départ, le député et le commandant se

372 2978 2309 69 lèvent et sortent à leur tour, croisant le lieutenant qui entre. Ils échangent

369 3060 2114 77 quelques mots à voix basse, derrière le rideau de perles tintinnabulant.

479 3181 2200 79 Dans le moment de fausse accalmie qui suit les sorties successives, on

367 3269 1737 88 peut entendre le commentaire de l’émission de télévision:

479 3390 2195 77 «... Ainsi une louve de Pologne erre dans les bois de la Chaise-Dieu.

372 3484 2309 77 Personne ne l’a vue : elle se terre le jour et part la nuit à la recherche de son
