3060 3960
372 365 2304 75 s’arrête sur le point d’ouvrir la portière, puis l’enjambe de peur de la faire

374 455 610 77 grincer en l’ouvrant.

486 572 2190 85 — Qu’est-ce qui s' passe? Où tu vas? Mariette vient de surgir à côté de

369 653 130 92 lui.

484 781 1186 85 — Où est-ce que t’as l’intention d’aller?

484 902 1543 83 — Au village. On crève de soif. Allez, pousse-toi.

479 1025 1678 72 Mariette se déplace, se met carrément devant la voiture.

479 1141 910 86 — Pour une fois, on boira pas.

479 1260 689 88 — Pousse-toi, j' te dis.

482 1383 1019 73 — Pas question, tu boiras demain.

479 1502 2197 82 Ramos tire brutalement le démarreur et accélère à fond. Le moteur part,

372 1590 2302 88 tousse, hoquète, s’étouffe. Après quelques essais, il repart, s’emballe, rugit.

369 1678 2307 79 Le tuyau d’échappement s’est dessoudé hier dans l’arrêt brutal que Mariette a

374 1773 2058 77 infligé au véhicule et, dans la grange, le ronflement est assourdissant.

479 1889 1268 77 La jeune fille hurle pour se faire entendre.

482 2013 2062 74 — Pas malade non?... Avec le bal, les gendarmes et tout le bataclan!

479 2131 322 86 Un temps.

482 2250 1036 84 — I' vont t' tuer. Faut qu' tu restes!

477 2371 2195 75 Elle se tient, jambes et bras écartés devant la voiture. Ramos embraye.

372 2457 860 86 Elle dit et répète en hurlant:

479 2580 584 88 — Tu partiras pas!

477 2699 2204 86 Ramos accélère doucement. Le pare-chocs bosselé de la 402 vient

372 2794 2302 74 heurter en douceur les jambes de Mariette. Elle ne s’écarte toujours pas.

374 2884 1054 72 Ramos baisse le régime du moteur.

475 2998 1336 86 — Ou bien alors tu m’emmènes, dit Mariette.

477 3119 2199 79 Doucement, tout en secouant la tête, le visage buté, Ramos lâche la

367 3209 2309 88 pédale d’embrayage. Mariette se couche sur le capot. Le pied de Ramos

372 3300 2304 88 glisse sur la pédale, la voiture fait un bond en dehors de la grange. Mariette

369 3394 2305 82 est demeurée cramponnée au capot. Ramos débraye, passe au point mort,

372 3482 1074 75 freine, ouvre la portière et descend.
