<?xml version="1.0" encoding="UTF-8"?>
<alto xmlns:xsi="http://www.w3.org/2001/XMLSchema-instance"
      xmlns="http://www.loc.gov/standards/alto/ns-v4#"
      xsi:schemaLocation="http://www.loc.gov/standards/alto/ns-v4# http://www.loc.gov/standards/alto/v4/alto-4-2.xsd">
  <Description>
    <MeasurementUnit>pixel</MeasurementUnit>
    <sourceImageInformation>
      <fileName>page_00129.png</fileName>
      
    </sourceImageInformation>
  </Description>
  
  <Tags>
    <OtherTag ID="BT10547" LABEL="MainZone" DESCRIPTION="block type MainZone"/><OtherTag ID="BT10548" LABEL="NumberingZone" DESCRIPTION="block type NumberingZone"/><OtherTag ID="BT10549" LABEL="RunningTitleZone" DESCRIPTION="block type RunningTitleZone"/><OtherTag ID="BT10550" LABEL="TitlePageZone" DESCRIPTION="block type TitlePageZone"/><OtherTag ID="BT10551" LABEL="MarginTextZone" DESCRIPTION="block type MarginTextZone"/><OtherTag ID="BT10552" LABEL="QuireMarksZone" DESCRIPTION="block type QuireMarksZone"/>
    <OtherTag ID="LT4125" LABEL="DefaultLine" DESCRIPTION="line type DefaultLine"/><OtherTag ID="LT4126" LABEL="HeadingLine" DESCRIPTION="line type HeadingLine"/><OtherTag ID="LT4127" LABEL="default" DESCRIPTION="line type default"/>
  </Tags>
  
  <Layout>
    <Page WIDTH="3060"
          HEIGHT="3960"
          PHYSICAL_IMG_NR="125"
          ID="eSc_dummypage_">
      <PrintSpace HPOS="0"
                  VPOS="0"
                  WIDTH="3060"
                  HEIGHT="3960">
        
        <TextBlock HPOS="346.6214904785156"
                   VPOS="293.1892395019531"
                   WIDTH="2364.6045837402344"
                   HEIGHT="3232.425994873047"
                   ID="block_0"
                   TAGREFS="BT10547">
          <Shape><Polygon POINTS="346.621 293.189 2711.23 293.189 2711.23 3525.62 346.621 3525.62 346.621 293.189"/></Shape>
          
          
          <TextLine ID="eSc_line_950ac9ba"
                    TAGREFS="LT4125"
                    BASELINE="372 422 2676 418" 
                    HPOS="369"
                    VPOS="365"
                    WIDTH="2307"
                    HEIGHT="75">
            <Shape><Polygon POINTS="2659 376 2637 376 2615 376 2593 376 2571 376 2549 376 2527 376 2505 376 2500 376 2483 376 2461 376 2439 376 2417 376 2056 376 2036 371 2020 371 1998 371 1976 371 1954 371 1932 371 1910 371 1888 371 1866 371 1853 371 1820 374 1780 369 1778 369 1756 369 1734 369 1712 369 1697 369 1684 374 1651 369 1646 369 1624 369 1602 369 1582 369 1571 374 1549 367 1536 367 1514 367 1505 367 1477 376 1446 367 1426 367 1404 367 1382 367 1360 367 1338 367 1316 367 1307 367 805 376 664 365 662 365 660 365 636 378 369 378 369 380 372 422 372 440 2674 435 2676 418 2672 376 2659 376"/></Shape>
	    <String CONTENT="une paix. L’opinion publique est très fragile. Vous rendez-vous compte de ce"
                    HPOS="369"
                    VPOS="365"
                    WIDTH="2307"
                    HEIGHT="75"
                    WC="0.9987777966957587"></String>
          </TextLine>

          
          
          <TextLine ID="eSc_line_07afd1d6"
                    TAGREFS="LT4125"
                    BASELINE="374 512 865 506" 
                    HPOS="372"
                    VPOS="451"
                    WIDTH="493"
                    HEIGHT="85">
            <Shape><Polygon POINTS="374 512 374 525 389 536 391 536 394 536 396 536 539 523 693 534 695 534 801 532 803 532 805 532 805 530 814 521 840 532 843 532 845 532 847 532 849 532 865 519 865 506 858 457 772 464 748 459 700 451 697 451 695 451 671 462 662 468 499 468 490 468 398 459 396 459 394 459 372 468 374 512"/></Shape>
	    <String CONTENT="que vous dites?"
                    HPOS="372"
                    VPOS="451"
                    WIDTH="493"
                    HEIGHT="85"
                    WC="0.9787663102149964"></String>
          </TextLine>

          
          
          <TextLine ID="eSc_line_9f265f96"
                    TAGREFS="LT4125"
                    BASELINE="479 631 1926 627" 
                    HPOS="477"
                    VPOS="572"
                    WIDTH="1449"
                    HEIGHT="74">
            <Shape><Polygon POINTS="1915 585 1862 574 1860 574 1582 585 1404 572 1402 572 1281 585 1230 572 1228 572 1226 572 1118 587 1039 574 1036 574 946 587 895 574 893 574 891 574 889 574 887 574 867 587 854 574 851 574 849 574 570 574 567 574 565 574 563 574 563 576 550 589 477 589 479 631 479 646 1924 642 1926 627 1921 591 1915 585"/></Shape>
	    <String CONTENT="— Justement, je m’en rends parfaitement compte."
                    HPOS="477"
                    VPOS="572"
                    WIDTH="1449"
                    HEIGHT="74"
                    WC="0.9862418707380903"></String>
          </TextLine>

          
          
          <TextLine ID="eSc_line_3c402322"
                    TAGREFS="LT4125"
                    BASELINE="482 750 2676 750" 
                    HPOS="482"
                    VPOS="693"
                    WIDTH="2194"
                    HEIGHT="74">
            <Shape><Polygon POINTS="482 750 482 767 2676 767 2676 750 2676 708 2018 708 2012 704 1996 693 1994 693 1992 693 1990 693 1987 693 1950 704 1941 706 1935 704 1910 693 1908 693 1838 693 1836 693 1833 693 1831 693 1816 704 1809 706 1787 701 1728 693 1725 693 1673 701 1648 706 1637 701 1618 693 1615 693 1613 693 1611 693 1585 701 1569 706 1523 701 1446 693 1444 693 1402 701 1384 704 1367 701 1336 693 1334 693 1331 693 1329 693 1327 693 1316 699 1305 706 1292 699 1272 693 1270 693 1268 693 1212 699 1162 708 988 708 973 699 959 693 957 693 955 693 926 699 889 708 812 708 794 697 788 693 785 693 783 693 781 693 744 697 695 704 645 697 609 693 607 693 605 693 603 693 596 697 581 706 482 697 482 750"/></Shape>
	    <String CONTENT="Le député se dirige vers la fenêtre, s’arrête, fait demi-tour et se retrouve"
                    HPOS="482"
                    VPOS="693"
                    WIDTH="2194"
                    HEIGHT="74"
                    WC="0.9955301530659199"></String>
          </TextLine>

          
          
          <TextLine ID="eSc_line_666c88d1"
                    TAGREFS="LT4125"
                    BASELINE="374 836 2562 840" 
                    HPOS="372"
                    VPOS="792"
                    WIDTH="2190"
                    HEIGHT="66">
            <Shape><Polygon POINTS="374 836 372 853 2558 858 2562 840 2560 796 374 792 374 836"/></Shape>
	    <String CONTENT="face au commandant toujours assis à la table. Il continue d’un ton inspiré:"
                    HPOS="372"
                    VPOS="792"
                    WIDTH="2190"
                    HEIGHT="66"
                    WC="0.9949672415659025"></String>
          </TextLine>

          
          
          <TextLine ID="eSc_line_3b6afc0b"
                    TAGREFS="LT4125"
                    BASELINE="499 957 2679 959" 
                    HPOS="497"
                    VPOS="904"
                    WIDTH="2182"
                    HEIGHT="81">
            <Shape><Polygon POINTS="499 957 497 970 642 985 645 985 1303 974 2445 985 2448 985 2676 972 2679 959 2676 919 2615 904 2613 904 2309 917 2304 919 2186 919 2183 917 2161 904 2159 904 2157 904 2155 904 1895 917 1886 917 1875 917 1635 904 1633 904 1574 915 1514 904 1512 904 1510 904 1507 904 1488 917 1481 917 1384 904 1382 904 1312 917 1305 917 1298 917 1212 904 1210 904 1208 904 1168 915 1043 904 1041 904 1039 904 1001 917 935 917 704 917 693 917 618 904 616 904 614 904 612 904 592 917 587 917 499 917 499 957"/></Shape>
	    <String CONTENT="— J&#x27;y pense justement... Des Arabes qui expulsent un propriétaire"
                    HPOS="497"
                    VPOS="904"
                    WIDTH="2182"
                    HEIGHT="81"
                    WC="0.9929172351504817"></String>
          </TextLine>

          
          
          <TextLine ID="eSc_line_432682f0"
                    TAGREFS="LT4125"
                    BASELINE="374 1049 2679 1049" 
                    HPOS="374"
                    VPOS="996"
                    WIDTH="2305"
                    HEIGHT="71">
            <Shape><Polygon POINTS="374 1049 374 1067 2679 1067 2679 1049 2679 1012 2516 996 2514 996 2370 1009 2362 1009 2359 1009 2326 996 2324 996 2322 996 2320 996 2280 1009 2276 1012 2170 1012 2166 1009 2130 996 2128 996 2126 996 1897 1007 1842 1009 1769 1007 1510 996 1507 996 1461 1005 1441 1009 1406 1005 1329 996 1327 996 1287 1005 1265 1009 1226 1005 1153 996 1151 996 1052 1005 988 1009 962 1005 926 996 924 996 829 1003 750 1009 726 1003 702 996 700 996 697 996 667 1003 636 1009 374 1003 374 1049"/></Shape>
	    <String CONTENT="français de vieille souche... bien française... auvergnate... et en France"
                    HPOS="374"
                    VPOS="996"
                    WIDTH="2305"
                    HEIGHT="71"
                    WC="0.9879823781942066"></String>
          </TextLine>

          
          
          <TextLine ID="eSc_line_abf9f3b1"
                    TAGREFS="LT4125"
                    BASELINE="369 1141 2679 1137" 
                    HPOS="367"
                    VPOS="1082"
                    WIDTH="2312"
                    HEIGHT="77">
            <Shape><Polygon POINTS="369 1141 369 1157 2674 1159 2679 1137 2674 1097 2441 1082 2439 1082 2436 1082 2434 1082 2410 1097 2208 1097 2183 1082 2181 1082 2179 1082 2051 1082 2049 1082 2047 1082 2045 1082 2025 1095 1849 1095 1822 1082 1820 1082 1818 1082 1741 1093 1664 1082 1662 1082 1596 1095 1417 1084 1415 1084 1413 1084 1411 1084 1386 1100 1239 1100 1131 1084 1129 1084 1127 1084 1080 1097 946 1084 944 1084 847 1097 825 1084 823 1084 821 1084 686 1084 684 1084 682 1084 653 1100 367 1100 369 1141"/></Shape>
	    <String CONTENT="encore... C’est quelque chose qui fait sacrément image! (Un temps. La voix"
                    HPOS="367"
                    VPOS="1082"
                    WIDTH="2312"
                    HEIGHT="77"
                    WC="0.9936249788602193"></String>
          </TextLine>

          
          
          <TextLine ID="eSc_line_83880801"
                    TAGREFS="LT4125"
                    BASELINE="374 1232 2676 1225" 
                    HPOS="372"
                    VPOS="1170"
                    WIDTH="2304"
                    HEIGHT="79">
            <Shape><Polygon POINTS="374 1232 374 1249 2674 1243 2676 1225 2674 1185 2632 1170 2630 1170 2628 1170 2626 1170 2582 1185 2408 1185 2368 1170 2366 1170 2364 1170 2362 1170 2329 1185 2216 1185 2135 1170 2133 1170 2130 1170 2100 1183 1855 1172 1853 1172 1794 1183 1741 1172 1739 1172 1736 1172 1734 1172 1712 1185 1530 1174 1527 1174 1525 1174 1503 1185 1481 1172 1479 1172 1477 1172 1395 1172 1393 1172 1391 1172 1389 1172 1364 1185 1003 1174 1001 1174 922 1190 836 1190 812 1174 810 1174 807 1174 805 1174 543 1188 413 1174 411 1174 409 1174 372 1188 374 1232"/></Shape>
	    <String CONTENT="vibre presque)... en France, oui. (Un temps. Sur le mur crème ou beige sale"
                    HPOS="372"
                    VPOS="1170"
                    WIDTH="2304"
                    HEIGHT="79"></String>
          </TextLine>

          
          
          <TextLine ID="eSc_line_c0c0bfff"
                    TAGREFS="LT4125"
                    BASELINE="372 1320 2679 1320" 
                    HPOS="372"
                    VPOS="1265"
                    WIDTH="2307"
                    HEIGHT="81">
            <Shape><Polygon POINTS="372 1320 372 1346 2679 1335 2679 1320 2679 1276 2641 1265 2639 1265 2637 1265 2507 1276 2377 1265 2375 1265 2373 1265 2370 1265 2351 1278 2047 1278 1994 1265 1992 1265 1932 1278 1512 1278 1488 1265 1485 1265 1483 1265 1274 1276 1201 1265 1199 1265 1197 1265 1173 1278 1023 1278 970 1265 968 1265 871 1276 748 1265 746 1265 686 1276 574 1265 572 1265 372 1276 372 1320"/></Shape>
	    <String CONTENT="piqueté de chiures de mouches, peint en marron jusqu’au premier tiers de la"
                    HPOS="372"
                    VPOS="1265"
                    WIDTH="2307"
                    HEIGHT="81"
                    WC="0.9942869410703057"></String>
          </TextLine>

          
          
          <TextLine ID="eSc_line_65789206"
                    TAGREFS="LT4125"
                    BASELINE="372 1408 2676 1408" 
                    HPOS="372"
                    VPOS="1355"
                    WIDTH="2304"
                    HEIGHT="72">
            <Shape><Polygon POINTS="372 1408 372 1427 2676 1427 2676 1408 2676 1368 2296 1368 2287 1366 2238 1355 2236 1355 2166 1364 2150 1366 2108 1364 1941 1355 1939 1355 1860 1364 1824 1366 1783 1364 1692 1355 1690 1355 1688 1355 1664 1361 1648 1366 372 1357 372 1408"/></Shape>
	    <String CONTENT="hauteur, il désigne l’hexagone muet, son geste englobant en même temps sans"
                    HPOS="372"
                    VPOS="1355"
                    WIDTH="2304"
                    HEIGHT="72"
                    WC="0.990433575271012"></String>
          </TextLine>

          
          
          <TextLine ID="eSc_line_8e2ade63"
                    TAGREFS="LT4125"
                    BASELINE="372 1502 2670 1498" 
                    HPOS="369"
                    VPOS="1436"
                    WIDTH="2301"
                    HEIGHT="82">
            <Shape><Polygon POINTS="372 1502 372 1518 2668 1515 2670 1498 2663 1438 2311 1447 2265 1441 2238 1436 2236 1436 2234 1436 2221 1441 2201 1447 1921 1443 1582 1436 1580 1436 1578 1436 1576 1436 1563 1445 1558 1447 1549 1445 1523 1436 1521 1436 1518 1436 1516 1436 1485 1445 1470 1452 1131 1452 1124 1447 1102 1438 1100 1438 1098 1438 1096 1438 1078 1447 1072 1452 825 1452 823 1449 788 1438 785 1438 783 1438 781 1438 779 1438 761 1449 759 1452 713 1452 605 1452 570 1438 567 1438 565 1438 563 1438 530 1449 455 1438 453 1438 369 1452 372 1502"/></Shape>
	    <String CONTENT="qu’il s’en rende compte la pancarte: IL EST DEFENDU DE CRACHER ET"
                    HPOS="369"
                    VPOS="1436"
                    WIDTH="2301"
                    HEIGHT="82"></String>
          </TextLine>

          
          
          <TextLine ID="eSc_line_b466e937"
                    TAGREFS="LT4125"
                    BASELINE="372 1592 2676 1586" 
                    HPOS="369"
                    VPOS="1524"
                    WIDTH="2307"
                    HEIGHT="86">
            <Shape><Polygon POINTS="372 1592 372 1610 2674 1603 2676 1586 2672 1535 2604 1526 2602 1526 2566 1535 2542 1540 2520 1535 2483 1524 2481 1524 2478 1524 2428 1535 2399 1542 2208 1542 2181 1535 2130 1524 2128 1524 2126 1524 2106 1535 2095 1542 1913 1542 1899 1535 1880 1526 1877 1526 1875 1526 1873 1526 1858 1535 1842 1544 1591 1544 1576 1535 1560 1526 1558 1526 1556 1526 1554 1526 1538 1535 1525 1542 1490 1535 1439 1526 1437 1526 1435 1526 1411 1535 1391 1544 1168 1544 1155 1535 1144 1529 1142 1529 1140 1529 1138 1529 1096 1535 1061 1542 1047 1535 1034 1529 1032 1529 1030 1529 369 1535 372 1592"/></Shape>
	    <String CONTENT="DE PARLER PATOIS. Un temps. Son bras retombe, accablement, difficulté"
                    HPOS="369"
                    VPOS="1524"
                    WIDTH="2307"
                    HEIGHT="86"
                    WC="0.9948943938527789"></String>
          </TextLine>

          
          
          <TextLine ID="eSc_line_0c0779f9"
                    TAGREFS="LT4125"
                    BASELINE="372 1680 2674 1676" 
                    HPOS="369"
                    VPOS="1621"
                    WIDTH="2305"
                    HEIGHT="77">
            <Shape><Polygon POINTS="372 1680 372 1698 2672 1696 2674 1676 2670 1636 2538 1636 2509 1621 2507 1621 2505 1621 2439 1636 2234 1636 2157 1621 2155 1621 2153 1621 2150 1621 2128 1634 2049 1623 2047 1623 1948 1634 1796 1621 1794 1621 1791 1621 1754 1634 1725 1621 1723 1621 1721 1621 1585 1632 1523 1621 1521 1621 1422 1636 1316 1623 1314 1623 1201 1636 1157 1623 1155 1623 1153 1623 1025 1634 981 1623 979 1623 977 1623 975 1623 926 1636 816 1623 814 1623 812 1623 810 1623 785 1639 369 1639 372 1680"/></Shape>
	    <String CONTENT="non reconnue d’un choix honnête, impitoyable, humaniste, désespoir discret."
                    HPOS="369"
                    VPOS="1621"
                    WIDTH="2305"
                    HEIGHT="77"
                    WC="0.992888812894945"></String>
          </TextLine>

          
          
          <TextLine ID="eSc_line_c20aefed"
                    TAGREFS="LT4125"
                    BASELINE="372 1771 2676 1766" 
                    HPOS="369"
                    VPOS="1711"
                    WIDTH="2307"
                    HEIGHT="75">
            <Shape><Polygon POINTS="372 1771 372 1786 2674 1786 2676 1766 2672 1729 2573 1713 2571 1713 2496 1727 2494 1729 1935 1729 1928 1724 1904 1711 1902 1711 1899 1711 1701 1722 1635 1711 1633 1711 1556 1724 1518 1731 1406 1731 1389 1722 1362 1713 1360 1713 1358 1713 1356 1713 1318 1722 1292 1731 1215 1731 1199 1722 1184 1713 1182 1713 1179 1713 1140 1722 1118 1727 1098 1722 1074 1716 1072 1716 1069 1716 1067 1716 1065 1716 1056 1722 1043 1729 1001 1722 955 1713 953 1713 918 1720 880 1729 825 1720 772 1713 770 1713 691 1720 638 1724 607 1720 567 1713 565 1713 532 1720 486 1729 369 1720 372 1771"/></Shape>
	    <String CONTENT="La voix baisse d’un ton.)... On en arriverait à croire que nous autres"
                    HPOS="369"
                    VPOS="1711"
                    WIDTH="2307"
                    HEIGHT="75"
                    WC="0.9990930129104937"></String>
          </TextLine>

          
          
          <TextLine ID="eSc_line_4e00e6e9"
                    TAGREFS="LT4125"
                    BASELINE="374 1856 2674 1861" 
                    HPOS="374"
                    VPOS="1801"
                    WIDTH="2300"
                    HEIGHT="86">
            <Shape><Polygon POINTS="374 1856 374 1876 1444 1876 1452 1876 1543 1887 1545 1887 2672 1876 2674 1861 2670 1804 2577 1817 2533 1804 2531 1804 2313 1804 2311 1804 2309 1804 2307 1804 2285 1817 2225 1804 2223 1804 2221 1804 2192 1819 2040 1819 2016 1806 2014 1806 2012 1806 2009 1806 1965 1819 1668 1819 1644 1806 1642 1806 1640 1806 1560 1817 1505 1804 1499 1801 1496 1801 1393 1801 1391 1801 1389 1801 1386 1801 1386 1804 1364 1815 1294 1804 1281 1801 1279 1801 1276 1801 1270 1804 1221 1817 741 1817 695 1804 689 1801 686 1801 684 1801 682 1801 678 1804 647 1815 550 1804 534 1801 532 1801 530 1801 526 1804 497 1815 468 1804 464 1801 462 1801 460 1801 374 1801 374 1856"/></Shape>
	    <String CONTENT="Républicains, nous sommes fous à lier, et que ce sont ceux de l’O.A.S. qui"
                    HPOS="374"
                    VPOS="1801"
                    WIDTH="2300"
                    HEIGHT="86"
                    WC="0.9965009218768069"></String>
          </TextLine>

          
          
          <TextLine ID="eSc_line_5cd152da"
                    TAGREFS="LT4125"
                    BASELINE="374 1949 902 1949" 
                    HPOS="374"
                    VPOS="1896"
                    WIDTH="528"
                    HEIGHT="70">
            <Shape><Polygon POINTS="374 1949 374 1966 902 1966 902 1949 902 1911 537 1896 534 1896 532 1896 530 1896 512 1909 495 1896 493 1896 490 1896 488 1896 374 1909 374 1949"/></Shape>
	    <String CONTENT="sont dans le vrai."
                    HPOS="374"
                    VPOS="1896"
                    WIDTH="528"
                    HEIGHT="70"
                    WC="0.9961720771259732"></String>
          </TextLine>

          
          
          <TextLine ID="eSc_line_eb01a80a"
                    TAGREFS="LT4125"
                    BASELINE="482 2068 2681 2068" 
                    HPOS="482"
                    VPOS="2013"
                    WIDTH="2199"
                    HEIGHT="74">
            <Shape><Polygon POINTS="482 2068 482 2087 2681 2087 2681 2068 2681 2026 2298 2013 2296 2013 2293 2013 2265 2026 2263 2026 2238 2013 2236 2013 2104 2013 2102 2013 1829 2026 1805 2026 1794 2026 1675 2013 1673 2013 1596 2026 1591 2026 1587 2026 1543 2013 1541 2013 1538 2013 1400 2026 1393 2026 1391 2026 1340 2013 1338 2013 1336 2013 1334 2013 1287 2026 1285 2028 1054 2028 1052 2026 1025 2013 1023 2013 913 2013 911 2013 909 2013 906 2013 884 2026 882 2028 814 2028 812 2026 757 2013 755 2013 752 2013 750 2013 702 2026 600 2013 598 2013 596 2013 594 2013 572 2026 572 2028 482 2028 482 2068"/></Shape>
	    <String CONTENT="— Attention, dit le commandant qui se lève et se rend à la fenêtre, c’est"
                    HPOS="482"
                    VPOS="2013"
                    WIDTH="2199"
                    HEIGHT="74"
                    WC="0.9921157273807024"></String>
          </TextLine>

          
          
          <TextLine ID="eSc_line_9f673daf"
                    TAGREFS="LT4125"
                    BASELINE="376 2158 1201 2158" 
                    HPOS="376"
                    VPOS="2105"
                    WIDTH="825"
                    HEIGHT="73">
            <Shape><Polygon POINTS="376 2127 376 2158 376 2178 1201 2178 1201 2158 1201 2120 1061 2105 1058 2105 1056 2105 1032 2118 840 2118 744 2105 741 2105 739 2105 706 2118 612 2105 609 2105 607 2105 605 2105 589 2118 376 2118 376 2127"/></Shape>
	    <String CONTENT="vous qui le dites, monsieur."
                    HPOS="376"
                    VPOS="2105"
                    WIDTH="825"
                    HEIGHT="73"
                    WC="0.9986541398933956"></String>
          </TextLine>

          
          
          <TextLine ID="eSc_line_85a1f04f"
                    TAGREFS="LT4125"
                    BASELINE="479 2279 1056 2279" 
                    HPOS="479"
                    VPOS="2219"
                    WIDTH="577"
                    HEIGHT="77">
            <Shape><Polygon POINTS="479 2279 479 2296 1056 2296 1056 2279 1056 2239 937 2219 935 2219 933 2219 878 2237 860 2222 860 2219 858 2219 856 2219 854 2219 851 2219 812 2237 768 2219 766 2219 763 2219 761 2219 726 2237 614 2237 598 2222 598 2219 596 2219 594 2219 592 2219 589 2219 554 2235 541 2222 541 2219 539 2219 537 2219 497 2219 495 2219 493 2219 490 2219 490 2222 479 2233 479 2279"/></Shape>
	    <String CONTENT="Il ferme la fenêtre."
                    HPOS="479"
                    VPOS="2219"
                    WIDTH="577"
                    HEIGHT="77"
                    WC="0.9979571671712966"></String>
          </TextLine>

          
          
          <TextLine ID="eSc_line_0099fb7b"
                    TAGREFS="LT4125"
                    BASELINE="484 2400 2674 2395" 
                    HPOS="482"
                    VPOS="2343"
                    WIDTH="2192"
                    HEIGHT="85">
            <Shape><Polygon POINTS="2663 2358 2342 2358 2232 2343 2230 2343 2227 2343 2225 2343 2203 2358 2047 2358 1937 2343 1935 2343 1932 2343 1930 2343 1908 2358 1824 2358 1783 2343 1780 2343 1580 2343 1578 2343 1576 2343 1541 2358 1474 2345 1472 2345 1400 2356 1378 2345 1375 2345 1373 2345 1248 2360 733 2360 576 2345 574 2345 482 2360 484 2400 484 2415 1012 2415 1017 2415 1034 2428 1036 2428 1039 2428 1041 2428 1129 2415 1142 2415 1144 2415 1162 2428 1164 2428 1166 2428 1168 2428 1230 2415 1241 2415 1281 2415 1525 2428 1527 2428 1587 2415 1604 2413 1622 2415 1666 2426 1668 2426 1842 2415 1910 2413 1952 2415 2053 2426 2056 2426 2672 2415 2674 2395 2672 2391 2663 2358"/></Shape>
	    <String CONTENT="— Vous savez ce que ça veut dire, l’expulsion d’un propriétaire par ses"
                    HPOS="482"
                    VPOS="2343"
                    WIDTH="2192"
                    HEIGHT="85"
                    WC="0.9958827756855586"></String>
          </TextLine>

          
          
          <TextLine ID="eSc_line_99511aeb"
                    TAGREFS="LT4125"
                    BASELINE="372 2488 2676 2488" 
                    HPOS="372"
                    VPOS="2435"
                    WIDTH="2304"
                    HEIGHT="73">
            <Shape><Polygon POINTS="372 2472 372 2488 372 2508 2676 2508 2676 2488 2676 2450 2514 2450 2514 2448 2485 2435 2483 2435 2481 2435 2379 2446 2326 2435 2324 2435 2322 2435 2298 2448 2293 2450 2135 2450 2128 2446 2111 2435 2108 2435 2106 2435 2104 2435 1946 2446 1888 2448 1858 2444 1787 2435 1714 2435 1712 2435 1710 2435 1708 2435 1695 2444 1684 2450 1373 2450 1329 2442 1285 2435 1283 2435 1157 2442 1039 2446 1019 2439 1003 2435 1001 2435 999 2435 970 2439 924 2448 880 2439 858 2435 856 2435 812 2439 719 2448 634 2437 605 2435 603 2435 600 2435 598 2435 596 2437 574 2450 444 2450 374 2437 372 2472"/></Shape>
	    <String CONTENT="loca... Pas ses locataires, même pas ses... Vous savez à quoi c’est la voie"
                    HPOS="372"
                    VPOS="2435"
                    WIDTH="2304"
                    HEIGHT="73"
                    WC="0.9945475079796531"></String>
          </TextLine>

          
          
          <TextLine ID="eSc_line_0d07605b"
                    TAGREFS="LT4125"
                    BASELINE="372 2578 1538 2578" 
                    HPOS="372"
                    VPOS="2523"
                    WIDTH="1166"
                    HEIGHT="75">
            <Shape><Polygon POINTS="372 2578 372 2598 1538 2598 1538 2578 1538 2534 1287 2523 1285 2523 1283 2523 1261 2534 1254 2538 1102 2538 1085 2534 1001 2523 999 2523 997 2523 995 2523 995 2525 984 2534 981 2538 926 2538 911 2536 816 2523 814 2523 812 2523 810 2523 796 2536 708 2536 642 2523 640 2523 638 2523 600 2536 598 2536 565 2523 563 2523 561 2523 559 2523 521 2536 521 2538 372 2538 372 2578"/></Shape>
	    <String CONTENT="ouverte, l’expulsion d’un propriétaire?"
                    HPOS="372"
                    VPOS="2523"
                    WIDTH="1166"
                    HEIGHT="75"
                    WC="0.9941944405436516"></String>
          </TextLine>

          
          
          <TextLine ID="eSc_line_d055b310"
                    TAGREFS="LT4125"
                    BASELINE="482 2697 2485 2701" 
                    HPOS="479"
                    VPOS="2640"
                    WIDTH="2006"
                    HEIGHT="85">
            <Shape><Polygon POINTS="482 2697 479 2710 623 2723 625 2723 1474 2714 1556 2725 1558 2725 2483 2714 2485 2701 2483 2659 2403 2642 2401 2642 2100 2657 2089 2657 2086 2657 2016 2642 2014 2642 1899 2657 1893 2657 1888 2657 1838 2642 1836 2642 1833 2642 1831 2642 1774 2657 1769 2657 1763 2657 1679 2642 1677 2642 1578 2657 1569 2657 1560 2657 1481 2640 1479 2640 1395 2653 1345 2640 1342 2640 1340 2640 1338 2640 1285 2655 1131 2655 1061 2655 1056 2655 968 2640 966 2640 878 2655 873 2655 869 2655 821 2640 818 2640 816 2640 814 2640 781 2655 779 2657 645 2657 638 2655 574 2640 572 2640 570 2640 567 2640 548 2655 543 2655 482 2655 482 2697"/></Shape>
	    <String CONTENT="— Tenez, répond le commandant. Regardez- le, votre propriétaire."
                    HPOS="479"
                    VPOS="2640"
                    WIDTH="2006"
                    HEIGHT="85"
                    WC="0.9941433108214176"></String>
          </TextLine>

          
          
          <TextLine ID="eSc_line_1450cda3"
                    TAGREFS="LT4125"
                    BASELINE="484 2820 2676 2816" 
                    HPOS="482"
                    VPOS="2761"
                    WIDTH="2194"
                    HEIGHT="85">
            <Shape><Polygon POINTS="484 2820 484 2833 642 2846 645 2846 739 2835 1633 2844 1635 2844 1637 2844 1640 2844 1657 2833 1697 2844 1699 2844 1701 2844 1895 2833 2536 2844 2538 2844 2659 2842 2661 2842 2663 2842 2676 2831 2676 2816 2672 2776 2436 2776 2434 2774 2401 2761 2399 2761 2397 2761 2395 2761 2346 2774 2342 2774 2337 2774 2267 2761 2265 2761 2263 2761 2214 2774 2208 2774 2201 2774 2135 2761 2133 2761 2058 2772 2042 2776 1917 2776 1908 2772 1871 2761 1869 2761 1866 2761 1864 2761 1862 2761 1844 2772 1842 2774 1554 2776 1406 2776 1397 2769 1386 2763 1384 2763 1382 2763 1380 2763 1378 2763 1353 2769 1331 2776 1309 2769 1290 2763 1287 2763 1285 2763 1283 2763 1261 2769 1237 2776 1210 2769 1188 2763 1186 2763 1069 2763 1067 2763 1065 2763 1063 2763 1054 2769 1041 2776 1008 2767 981 2763 979 2763 977 2763 955 2767 922 2776 898 2767 889 2765 887 2765 884 2765 856 2767 779 2776 482 2767 484 2820"/></Shape>
	    <String CONTENT="Mistigri sort du débit de boissons, appuyé sur l’épaule d’un jeune"
                    HPOS="482"
                    VPOS="2761"
                    WIDTH="2194"
                    HEIGHT="85"
                    WC="0.9930376039035078"></String>
          </TextLine>

          
          
          <TextLine ID="eSc_line_4f7a629f"
                    TAGREFS="LT4125"
                    BASELINE="369 2912 2672 2908" 
                    HPOS="367"
                    VPOS="2851"
                    WIDTH="2305"
                    HEIGHT="81">
            <Shape><Polygon POINTS="2668 2862 2641 2851 2639 2851 2637 2851 2547 2862 2192 2851 2190 2851 2115 2862 2069 2851 2067 2851 2064 2851 1979 2862 1924 2851 1921 2851 1855 2862 1787 2851 1785 2851 1640 2862 1596 2851 1593 2851 1591 2851 1485 2864 493 2853 490 2853 367 2866 369 2912 369 2926 2670 2932 2672 2908 2670 2866 2668 2862"/></Shape>
	    <String CONTENT="costaud. Il se dirige vers le parapet qui borne l’esplanade côté vallée, et là,"
                    HPOS="367"
                    VPOS="2851"
                    WIDTH="2305"
                    HEIGHT="81"
                    WC="0.997423678995615"></String>
          </TextLine>

          
          
          <TextLine ID="eSc_line_d056b683"
                    TAGREFS="LT4125"
                    BASELINE="372 2998 2575 2996" 
                    HPOS="369"
                    VPOS="2945"
                    WIDTH="2206"
                    HEIGHT="75">
            <Shape><Polygon POINTS="372 2998 372 3020 2573 3020 2575 2996 2571 2956 678 2945 675 2945 369 2956 372 2998"/></Shape>
	    <String CONTENT="en appui chancelant sur ses avant-bras, soutenu par le jeune gars, il vomit."
                    HPOS="369"
                    VPOS="2945"
                    WIDTH="2206"
                    HEIGHT="75"
                    WC="0.9953648275450656"></String>
          </TextLine>

          
          
          <TextLine ID="eSc_line_a2e3640a"
                    TAGREFS="LT4125"
                    BASELINE="482 3121 1932 3117" 
                    HPOS="479"
                    VPOS="3060"
                    WIDTH="1453"
                    HEIGHT="86">
            <Shape><Polygon POINTS="482 3121 482 3137 1375 3146 1378 3146 1380 3146 1382 3146 1382 3143 1391 3135 1393 3135 1463 3135 1470 3135 1525 3146 1527 3146 1701 3135 1708 3135 1712 3135 1811 3146 1813 3146 1930 3132 1932 3117 1930 3075 1906 3060 1904 3060 1902 3060 1899 3060 1897 3060 1838 3075 1732 3060 1730 3060 1728 3060 1690 3075 1644 3060 1642 3060 1640 3060 1637 3060 1635 3060 1635 3062 1618 3077 1329 3077 1219 3060 1217 3060 1215 3060 1212 3060 1212 3062 1197 3077 1162 3062 1160 3062 1157 3062 1054 3077 915 3062 913 3062 911 3062 849 3077 763 3062 761 3062 664 3077 589 3062 587 3062 585 3062 583 3062 583 3064 565 3080 479 3080 482 3121"/></Shape>
	    <String CONTENT="— Au moins, s’il restait digne, soupire le député."
                    HPOS="479"
                    VPOS="3060"
                    WIDTH="1453"
                    HEIGHT="86"
                    WC="0.9954547755993329"></String>
          </TextLine>

          
          
          <TextLine ID="eSc_line_2f9e366c"
                    TAGREFS="LT4125"
                    BASELINE="484 3234 2672 3238" 
                    HPOS="482"
                    VPOS="3181"
                    WIDTH="2190"
                    HEIGHT="83">
            <Shape><Polygon POINTS="484 3234 482 3251 585 3264 587 3264 2670 3256 2672 3238 2668 3194 2562 3196 2542 3194 2496 3183 2494 3183 2492 3183 2489 3183 2474 3194 2467 3196 2443 3194 2379 3183 2377 3183 2375 3183 2373 3183 2357 3194 2353 3196 2348 3194 2333 3183 2331 3183 2329 3183 2326 3183 2324 3183 2287 3194 2278 3194 2271 3194 2223 3183 2221 3183 2020 3194 1941 3196 1935 3194 1915 3183 1913 3183 1798 3183 1796 3183 1752 3194 1736 3196 1721 3194 1684 3183 1681 3183 1679 3183 1631 3194 1611 3196 1556 3194 1384 3181 1382 3181 1380 3181 1349 3194 1345 3196 1235 3196 1219 3194 1124 3181 1122 3181 1120 3181 1078 3194 1074 3194 1067 3194 1034 3183 1032 3183 1030 3183 1028 3183 1025 3183 1012 3194 1008 3196 664 3196 651 3194 576 3181 574 3181 572 3181 570 3181 552 3194 548 3194 484 3194 484 3234"/></Shape>
	    <String CONTENT="— Nous sommes tombés en pleine merde, dit le commandant. S’agit pas"
                    HPOS="482"
                    VPOS="3181"
                    WIDTH="2190"
                    HEIGHT="83"
                    WC="0.9984180646784165"></String>
          </TextLine>

          
          
          <TextLine ID="eSc_line_7150cf74"
                    TAGREFS="LT4125"
                    BASELINE="374 3326 981 3330" 
                    HPOS="372"
                    VPOS="3271"
                    WIDTH="609"
                    HEIGHT="86">
            <Shape><Polygon POINTS="374 3326 372 3346 385 3355 387 3355 389 3355 391 3355 453 3344 471 3355 473 3355 475 3355 477 3355 627 3344 812 3357 814 3357 979 3344 981 3330 981 3289 702 3289 697 3286 675 3271 673 3271 671 3271 669 3271 667 3271 631 3284 552 3271 550 3271 453 3284 449 3284 446 3284 405 3271 402 3271 400 3271 398 3271 374 3282 374 3326"/></Shape>
	    <String CONTENT="de faire des vagues."
                    HPOS="372"
                    VPOS="3271"
                    WIDTH="609"
                    HEIGHT="86"
                    WC="0.9867641717195511"></String>
          </TextLine>

          
          
          <TextLine ID="eSc_line_3583c928"
                    TAGREFS="LT4125"
                    BASELINE="486 3447 2073 3447" 
                    HPOS="486"
                    VPOS="3392"
                    WIDTH="1587"
                    HEIGHT="77">
            <Shape><Polygon POINTS="486 3469 2073 3469 2073 3447 2073 3405 2053 3392 2051 3392 2049 3392 2047 3392 1983 3405 1926 3392 1924 3392 1921 3392 1838 3407 1805 3392 1802 3392 1800 3392 1798 3392 1761 3405 1723 3392 1721 3392 1615 3392 1613 3392 1507 3407 1397 3392 1395 3392 1393 3392 1391 3392 1371 3407 1292 3394 1290 3394 1186 3407 1135 3392 1133 3392 1131 3392 1001 3407 981 3392 979 3392 977 3392 915 3392 913 3392 911 3392 851 3407 766 3392 763 3392 662 3407 592 3392 589 3392 587 3392 585 3392 565 3410 486 3410 486 3447"/></Shape>
	    <String CONTENT="— Au moins, s’il savait rester digne, répète le député."
                    HPOS="486"
                    VPOS="3392"
                    WIDTH="1587"
                    HEIGHT="77"
                    WC="0.9934255601996083"></String>
          </TextLine>

          
        </TextBlock>
        

        
      </PrintSpace>
    </Page>
  </Layout>
</alto>
