3060 3960
479 363 1088 74 Les filles aussi faisaient la grimace.

484 484 1171 74 Le Barbeau remonta dans l’automobile.

482 596 1307 90 — Faut d’abord qu’on trouve un hôtel, dit-il.

482 719 2192 90 — Tu sais c' qui m' reste, fit remarquer Chtouki... Après, ça sera fini, par

372 803 217 92 le fait.

484 932 467 84 — T’occupes...

479 1049 2197 79 Avant de démarrer, Chtouki tira la liasse épaisse qu’il portait dans la

372 1139 1659 82 poche arrière de son blue-jeans. Il la tendit au Barbeau.

484 1262 1028 86 — Après, 'y en a plus, dit Chtouki.

482 1381 2197 88 — Après, on en trouvera, répondit le Barbeau en s’en emparant. Allez, en

369 1471 973 77 route, faut qu’on trouve un hôtel.

475 1590 2199 84 Chtouki tira le démarreur, enclencha la première, embraya. Ils

367 1680 2309 88 parcoururent les rues de la petite ville. La voiture ralentit plusieurs fois

372 1773 2309 75 devant des hôtels plus ou moins minables, mais chaque fois le Barbeau fit

374 1863 2302 75 signe à Chtouki de continuer. Celui-ci s’exécutait d’assez mauvaise grâce.

372 1951 2309 88 Enfin, le Barbeau remarqua une pancarte qui lui parut suffisamment

369 2039 357 77 alléchante:

1272 2162 506 75 HOSTELLERIE

1122 2244 808 83 DE LA PAPESSE JEANNE

1235 2340 583 84 calme tranquillité

479 2459 2195 82 Le panneau précisait encore que c’était en forêt, à quinze kilomètres de la

374 2549 1384 84 ville, et indiquait la route qu’il fallait prendre.

477 2668 1638 88 — Voilà ce qu’il nous faut, dit le Barbeau. Allez, roule.

482 2791 2197 77 L'hostellerie est installée dans un vieux château Renaissance. Une route

369 2882 2312 85 pavée, après avoir serpenté à travers le parc, permet d’accéder en voiture au

369 2970 1398 74 haut d’une sorte de perron à double révolution.

473 3088 2203 77 Quand les huit personnes se sont extraites de la vieille 402, elles

369 3179 2310 85 pénètrent dans un grand hall voûté. Une bienfaisante fraîcheur les saisit. Le

372 3271 2302 90 lieu est plongé dans une semi-obscurité avec çà et là des taches dansantes de

374 3363 1343 77 lumière sous de grandes torchères de bronze.
