3060 3960
486 363 1517 83 — Vous vouliez nous voir, monsieur Char¬vaysse.

482 484 2194 74 Les yeux gris bordés de rouge du vieux fou s’attachent à ceux du député

369 569 1880 102 en papillotant. Il tremble et bégaye, se raidit et réussit à parler.

484 693 2197 81 — Sic transit gloria mundi. Messieurs, je vous demande votre aide et

374 783 515 81 votre protection.

482 904 2197 81 — Pour une fin septembre, c’en est pas une, déclare d’une voix prudente

369 990 2312 79 le député. Foutue chaleur... On n’a jamais vu ça, une telle chaleur à la fin

372 1084 345 73 septembre.

475 1196 2206 82 Planté près de la fenêtre qu’il vient de rouvrir, il s’éponge le front et suit

369 1291 2307 77 des yeux le patriarche qui sort de l’école et se dirige en vacillant vers le

369 1377 560 86 débit de boissons.

479 1498 2197 88 — Ce qu’il nous demande, c’est ni plus ni moins de faire le siège de la

374 1592 790 77 ferme, dit le commandant.

477 1711 1328 84 — Vraiment une foutue chaleur, une foutue...

484 1830 2190 88 — Le siège de la ferme, monsieur. Ni plus ni moins. Voilà ce qu’il

372 1922 314 75 demande.

479 2041 509 86 — Le siège de...

482 2164 2194 73 Le député vient de pivoter brusquement. L’air compétent, concerné, il

372 2252 1074 77 affronte le commandant, il fait face.

475 2367 2199 88 — Eh bien oui, dit-il avec décision. C’est bien ce qu’on devrait faire, non,

369 2461 2307 77 le siège de la ferme?... Cette virée est une honte, une..., toute cette aventure

367 2552 1312 85 est un scandale pour le pays, un véritable...

479 2673 2200 81 — Vous savez pourquoi nous sommes ici? demande le commandant d’une

374 2765 2302 73 voix paisible. Hein, vous le savez!... Et vous vous rendez compte de c' que

369 2849 1037 85 ça veut dire, le siège de la ferme?

479 2970 1387 85 — Je sais, dit le député avec lassitude, je sais.

477 3091 2197 77 Il se retourne vers la place. Il entend les gendarmes rire très fort dans les

369 3181 2312 79 cars. Tout à l’heure ils jouaient au poker. Sans doute, pense le député, l’un

372 3271 2304 77 d’entre eux vient-il d’être pris en flagrant délit de triche. D’ici, il peut les

372 3361 2309 77 voir s’agiter, se coller de grandes bourrades en chopi¬nant sec. Ils doivent

369 3451 2305 80 avoir chaud sous la tôle. A cette pensée, il réprime un geste d’agacement.
