3060 3960
479 365 2195 72 Le cul par terre, au milieu de la grande salle de la ferme de la Croix-

369 451 2307 77 Morant, après avoir réfléchi, pensé, longtemps immobile à contempler le

372 543 2307 75 déplacement d’un rayon de soleil sur les grandes dalles noires, après avoir

369 627 2312 92 pesé et médité et hoché la tête et avoir fait le tour des pour et des contre et

372 723 2304 75 des quoi faire avec le seul interlocuteur qui l’écoutait vraiment, Mistigri, roi

372 814 2302 74 déchu, continuait à parler, à discourir tout seul comme le font les paysans

372 899 325 75 solitaires.

475 1016 2199 84 Ce matin, il était allé au village. Personne n’avait fait attention à lui. Il

369 1111 2307 74 était entré dans le débit de boissons, où il avait trouvé des murmures de

372 1199 2307 88 sympathie. Son fusil à la main- il ne le quittait plus - il avait essayé de

369 1289 2310 90 présenter habilement les choses: ces salauds de Bougnoules... le poignard

369 1381 2305 82 dans le dos... ils vous prennent tout... « Oui », avait dit Loulou... Loulou,

369 1469 2307 77 son neveu, était là. Loulou de la Bastide Albepierre... « On peut pas leur

369 1562 2312 74 faire confiance, il avait dit... c’est une race comme ça... sale, paresseuse et

374 1654 2302 79 voleuse... hypocrite comme y a pas... un Arabe, même si on est son meilleur

369 1742 2299 75 ami, dès qu’on a l’ dos tourné, crac, l' poignard dans l’ dos, vous voyez c'

369 1832 2305 75 que j' veux dire... crac, vite fait bien fait, mais toujours dans l’ dos, et j' sais

372 1925 2302 79 d’quoi j' cause... J’avais un copain qu’avait un pote F.S.N.A... jamais vu ça,

374 2010 2305 77 les doigts d’ la main, i’z étaient, l’ Français et l’ Bougnoule, F.S.N.A., ça

372 2101 2304 81 veut dire Français de souche nord-africaine, autant dire crouille, quoi !... Eh

369 2193 2292 75 bien un jour, tout potes qu’i'z' étaient, doigts d’la main et tout, crac, l'

369 2281 808 86 poignard dans l' dos!...»

484 2400 2197 77 Mistigri avait fait mine d’écouter le Loulou dans l’espoir de placer son

369 2499 2307 70 histoire de Bougnoules à lui, mais il en avait été pour ses frais. Il avait déjà

372 2582 2307 77 l’élocution bien embarrassée, le Loulou. Mistigri en était entré en fougue, de

369 2673 2310 74 n’avoir réussi à trouver que celui-là comme interlocuteur. Il était tout de

369 2761 2307 77 même resté à l’écouter jaspiner. Ç’aurait pu durer des heures ; ça ne le

369 2853 2307 77 dérangeait pas, le Loulou, d’avoir à qui causer ou pas; quand il était lancé, il

372 2945 1532 82 pouvait discourir comme ça toute la sainte journée.

482 3058 2194 90 Dégoûté, Mistigri avait alors essayé de prendre à partie un groupe de

367 3152 2314 84 jeunes, mais il avait eu l’impression qu’on se gaussait de lui. Alors il était

369 3242 2312 97 parti. Après avoir longtemps erré des Martres — Sainte-Marie jusqu’aux

372 3328 2304 84 Pierres-Folles et du Four de la Mine à Bois-Crapaud, il était revenu à la

374 3418 260 84 Bastide.
