3060 3960
367 363 2309 85 pierres, puis il s’allonge sur le dos, une main sur la crosse du fusil, l’autre

374 457 436 71 sous la nuque.

477 569 2199 91 Au pied des châtaigniers, l’ombre est brève, et la mousse poussiéreuse

372 673 2302 70 sur leur tronc centenaire. Dans la distance, sur le plateau écrasé de soleil,

369 754 1618 73 résonne le cantique montant d’une procession mariale.

477 866 2197 82 Le soleil a figé la terre, lui a donné son air aride. Dans le cortège, les

369 963 2305 88 paysans desserrent leurs cravates sombres et s’épongent le visage de leurs

374 1056 887 77 grands mouchoirs à carreaux.

477 1170 2204 79 Les premiers communiants de l’année ont repris leur costume. Ils suivent

369 1260 2310 77 immédiatement le curé et les enfants de chœur qui portent le dais. Le prêtre

369 1350 2312 80 est seul à profiter de l’ombre avec les deux jeunes filles en blanc qui, sur un

374 1445 2307 73 brancard doré, transportent une vierge noire revêtue d’étoffes anciennes. Tout

369 1531 2305 77 en arrière, les fidèles suivent : les hommes d’abord, peu nombreux, les

374 1625 495 73 femmes ensuite.

479 1740 2195 79 Sous le soleil qui dévore les ombres, la procession attaque le raidillon.

372 1834 2309 84 Les cigales se taisent à son approche, et les lézards disparaissent en

369 1922 2307 84 zigzaguant sur les pierres surchauffées. De temps en temps, un galet glisse

374 2015 1805 72 sous un pied, et roule longtemps dans le silence sec et tendu.

482 2134 2197 77 Le curé entonne un cantique. Derrière lui, les fidèles reprennent en

372 2239 587 60 chœur, gravement:

473 2340 1034 75 Je voudrais te suivre, ô ma Mère,

475 2459 1010 77 Je voudrais m’en aller avec toi!

477 2587 931 70 Laisse-moi quitter cette terre,

477 2701 689 75 Marie, emmène-moi!

482 2822 2201 75 Lentement, guidé par l’abbé Charvaysse, le cortège s’élève au-dessus du

367 2910 2314 88 petit village accroché au rebord du plateau, dont les toits pentus sont

367 3003 2314 77 recouverts de gigantesques pierres plates: les — Martres-Sainte-Marie. Non

372 3093 2304 77 loin de là, sur une pente au bord du bois, le milan, à coups de bec, éventre le

376 3183 1583 81 geai. Tout autour bourdonnent et attendent les guêpes.

479 3300 1416 77 Un jet de pierraille... Une respiration courte...

479 3418 2197 80 Une très jeune fille, échappée à la procession, fuit dans les rochers. Elle

372 3511 2302 79 est habillée de blanc. Sa médaille d’or saute autour de son cou. Elle a les
