3060 3960
372 365 2307 81 grouillements intestinaux, pulsations rapides ou lentes, anarchiques, de son

369 453 1891 81 cœur, bruits du sang, bruissements, à ses tempes, à ses oreilles.

479 569 2197 88 Il étouffe un cri. Il s’est levé brusquement, si brutalement que le banc

369 660 2303 88 derrière lui est tombé. La tête un peu penchée sur le côté, le regard en l’air,

372 754 2302 82 cette fois il écoute. Il fait quelques pas à travers la pièce en clopinant,

374 844 2300 75 s’approche de la porte, pose la main sur la poignée, comme pour sortir; mais

372 932 1974 77 il éclate de rire et laisse retomber sa main. Il revient vers la table.

482 1056 1094 70 — Ma teste.., ma teste, murmure-t-il.

479 1170 2197 77 Il se tient debout, entre le banc et la table. Il recommence à rire, regarde

372 1260 2302 77 la porte, puis la bouteille devant lui. Sous la peau, la crasse et la barbe, les

372 1355 2304 72 tendons du cou saillent comme des cordes et les veines qui se tordent sur ses

374 1445 2307 73 tempes sont devenues écarlates. Il se remet à osciller d’avant en arrière, son

372 1531 2302 83 ventre à chaque coup heurtant le plateau de chêne. Alors, très doucement,

372 1623 2304 73 sans cesser son mouvement pendulaire, il écarte les jambes et, sans se

372 1716 2304 72 débraguetter, commence à pisser. Il pisse longuement. A mesure, son rire

369 1801 1812 84 ralentit et s’arrête après quelques soubresauts quand il a fini.

479 1929 2197 68 Il tombe assis comme une masse. Sa tête plonge en avant et va porter sur

372 2013 2307 77 la table. La bouteille se renverse. Une mare se forme, s’étale, atteint le bord

369 2101 2310 94 de la table, puis tombe en cascade, rebondissant sur le pantalon, et continue

369 2191 2307 77 de se répandre, presque immédiatement bue par la poussière du sol. Le

374 2283 2300 75 visage caché dans ses bras qu’il croise, Mistigri demeure immobile. De gros

372 2373 1226 82 sanglots silencieux secouent ses épaules.

479 2490 2197 79 Dans la cour, Mariette coupe le contact, serre le frein à main et saute de

369 2580 2307 75 la 402. La vieille voiture continue de rouler sur son élan et vient mourir

369 2673 2305 81 contre l’abreuvoir. Le bâchât tressaute, heurte le mur de pierres noires,

372 2763 2309 75 rebondit. Ils sont tous éclaboussés, sauf Mariette qui éclate de rire. On fait

367 2849 2309 88 mine de la pourchasser. Elle s’esquive. Saïd à qui elle vient d’échapper

372 2943 2307 86 plonge dans un tas de paille et, sans l’avoir cherché, chope une poule

369 3031 2307 77 caquetante qu’il jette au visage des autres. Ramos qui est en train de boire

372 3119 2307 79 s’étrangle, lui lance à la volée sa bouteille de gnôle. Saïd la rattrape, boit une

376 3214 2298 83 gorgée, passe à Nane, et la bouteille poursuit son périple, de Nane à Jeanne,

369 3297 2307 82 de Chtouki à Marguerite, du Barbeau à Mariette. Quand elle revient à

369 3385 2312 80 Ramos, elle est vide. Ramos la balance à la volée sur Saïd qui l’évite au

369 3482 2307 79 moment où, d’un coup d’épaule, il pousse la porte de la maison. La bouteille
