3060 3960
484 365 1204 81 — Personne n’a prévenu les gendarmes?

484 481 2188 77 — On aurait mauvaise façon, monsieur le Curé. Après ça, il aurait ses

369 572 1110 83 raisons de s’encolé-rer, le Mistigri.

482 704 612 74 Le prêtre approuve.

482 820 2199 68 Les enfants de chœur reparaissent à ce moment. Ils ont quitté leur tenue et

367 902 2305 81 arborent leur costume gris du dimanche. Ils ferment la porte de l’église,

367 992 2316 79 rendent la clé à l’abbé et s’en vont agacer la chèvre noire, maintenant

372 1084 2309 73 attachée à un piquet près du vieux camion, qui broute en cercle l’herbe du

367 1170 2312 88 coudert. Un groupe de gamins les rejoint. Après quelques bêlements et la

374 1265 2307 74 violente apostrophe du forain qui ne travaille pas, les garnements s’égaillent

369 1353 2142 77 en piaillant et commencent à se poursuivre autour du plancher de danse.

477 1469 2202 88 Dans le dos du gringalet surgit Mistigri descendu de la montagne. Il a

369 1562 2307 77 toujours son feutre cabossé sur les yeux, sa houppelande et son fusil qu’il

369 1650 1321 77 brandit en direction de la colonne de fumée.

488 1773 2191 83 — Bonjour curé, croasse-t-il. Tu vois, tu peux être content, c’est chez

372 1863 986 75 nous qu' ça brûle, tout à l’heure!

479 1982 1561 86 Le prêtre ne répond pas. Le vieux se met en fougue:

486 2098 2193 77 — J' te parle, Géraud. Tu l’ savais bien qu’y avait du mauvais monde

369 2191 2310 79 dans l' pays. T’es mon frère tout d’même, une partie du bien t' revient, t’as ton

369 2281 1546 75 mot à dire. Moi, j' vais sur mes soixante et dix ans!

479 2402 1475 75 — J’en ai bientôt cinquante, dit calmement l’abbé.

479 2521 2195 86 — Cinquante! Moi aussi, j’en ai eu cinquante! Cinquante... Mais pas les

372 2613 2300 84 mêmes, curé! Eh oui, on peut pas dire qu' c’est la besogne qui t’a commandé,

374 2703 1219 75 toi !... Années sans peine, années d’rien.

479 2818 1431 86 — Nous avons eu des voies différentes, Michel.

482 2943 1717 73 — Oué, oué, nous avons eu des voies différentes, Géraud.

482 3064 2192 84 Mistigri prend un peu de recul pour considérer, les yeux mi-clos, le

374 3154 1164 73 surplis, la soutane crottée, et il ajoute:

484 3271 2192 75 — Évidemment qu' nous avons eu des voies différentes. Il faut ou passer

369 3359 2305 92 par l' pont, ou passer par l’eau. Peiner, s' priver, ç’a toujours été ma loi. Dur
