3060 3960
372 453 2307 75 Une moins que rien, je vous dis. C’est la fille d’un légionnaire espagnol. Le

484 367 2190 70 — Une pas grand-chose, mon pauvre monsieur, continue la cabaretière.

374 543 2302 75 feu au train, qu’elle a. Pour sûr, elle a dû s’en donner avec ceux-là ! Mais

369 631 2305 79 aussi, imaginez, un homme comme le Mistigri, qui doit plus pouvoir grand-

367 721 2307 79 chose même s’il est encore vert, se remarier avec une femme de c't' âge-là,

367 811 2314 84 chaude et qui a des antécédents, il a que ce qu’il mérite! Ce qui est

369 904 2307 83 malheureux, c’est plutôt pour les autres, pour les filles. Remarquez, y a peut-

372 994 2302 79 être pas eu besoin de leur donner des idées à celles-là. Nous de notre temps,

372 1084 2302 79 on savait s’amuser. Pour ça, on courait les foires, les assemblées et les fêtes,

367 1172 2314 77 mais on était gaies et honnêtes... Maintenant, les filles, il faut plus leur en

369 1262 2310 86 promettre, elles sont là, à gourgandiner partout. Alors vous pensez, dans une

369 1353 2310 74 maison sans homme... Il y a juste ce grand nignorle de Fernand qui fréquente

372 1445 2309 70 la Jeanne. Bon, la Jeanne, histoire de fréquenter, elle fréquente, mais on voit

372 1533 2309 75 bien que le gros Fernand l’intéresse guère... Il est trop gaulois, comme on dit

369 1623 2301 84 chez nous, trop bien champêtre et point trop béluguet... Alors si vous voulez,

374 1713 1464 75 la Jeanne qu’est une fière, question du Fernand...

479 1830 2195 86 Le commandant s’ennuie. Il a du mal à écouter. Il se lève brusquement, se

369 1922 956 82 précipite vers la fenêtre, hurle:

482 2035 345 88 — Guérin!

484 2164 1156 75 Le gendarme Guérin arrive en courant.

482 2281 686 86 — Mon Commandant?

479 2402 2195 81 A ce moment le commandant avise le groupe d’hommes qui fait cercle

374 2492 2067 77 autour de l’aubergiste. Toutes les têtes sont tournées vers lui, à l’affût.

484 2611 678 88 — Approchez, Guérin.

479 2730 1522 77 Le commandant lui dit quelques mots à voix basse.

482 2853 1776 75 — A vos ordres, mon Commandant, dit Guérin à voix haute.

477 2983 2204 64 Il claque les talons et se dirige vers le commandcar. Le commandant

369 3062 1337 75 referme la fenêtre. Les paysans se regardent.

484 3183 2197 75 — C' que j’arrive pas à comprendre, dit un grand escogriffe noiraud, c’est

372 3271 2304 79 comment qu' les Bougnoules ont pu s’installer chez l' Mistigri et l' foutre à la

369 3366 201 81 porte.

484 3480 1340 88 — Les drôllas, fait Boyer, y a pas à chercher.
