3060 3960
372 453 2309 75 les reconnaît. Il les appelle chacune par son nom, mais les bêtes s’effraient

479 360 2197 77 Les vaches s’engouffrent sous la poterne. Mistigri les voit venir à lui. Il

372 545 1441 82 de cette ombre surgie de la nuit et se dispersent.

488 660 2186 85 Tandis qu’elles dégringolent le chemin éventré par les rigoles de l’hiver,

369 750 2305 77 encombré de galets, de feuilles pourries et de branchages, tandis qu’elles

372 842 2300 77 foncent dans cette sorte de ravine, le vieux lève son fusil, met en joue et tire.

374 932 1737 77 Deux fois. Puis il recharge, épaule, tire. Deux fois encore.

479 1049 2197 79 Une lueur éclate dans les rochers. Un fracas lourd éclabousse la nuit. Les

372 1139 2304 79 festoyeurs ont tous levé la tête. Mistigri, hurlant de rire, part en courant à la

369 1234 1806 81 poursuite de ses vaches. A l’est, l’horizon commence à rosir.

477 1353 2202 74 Ce pays, si on s’en laisse accroire par les contes, c’est le pays où

372 1441 2304 77 s’attendre à des choses extraordinaires, celles qui sont supposées arriver

369 1531 2307 77 dans les endroits défortunés: des faits sans explications, des surprises, des

369 1630 2312 66 trésors, des peurs. Pourtant, le lendemain, le soleil se lève normalement, et

372 1713 2307 73 Mistigri, à la poursuite de ses vaches sur le plateau, revoit dans l’ordre

372 1804 2304 74 accoutumé les blocs de basalte qui parsèment les champs de vesce ou de blé

369 1892 168 70 noir.

479 2006 2197 92 Précédé de son chièn, il parcourt des herbages et des futaies portées par

369 2103 2305 75 une terre que les laves ont rendue riche. Il monte à travers une hêtraie, puis

369 2193 2305 81 un pacage, arrive sur un sommet arrondi où poussent l’airelle et la bruyère,

369 2281 2305 77 coupées çà et là par les hautes fleurs jaunes de la gentiane. Les vaches

369 2369 940 84 décanillent toujours devant lui.

479 2494 2202 73 Maintenant, le vieux suit un ruisseau étroit qui prend naissance au pied

369 2580 2312 75 d’une sapinière, court dans l’herbe et va dévaler le bord du plateau en sciant

369 2670 2310 77 la roche. Il est contraint de s’arrêter entre roc et ciel, à l’endroit où plonge la

369 2761 2305 77 cascade. Au- dessus de lui, d’énormes blocs se penchent en surplomb, des

369 2853 2310 75 arbres se contorsionnent, se cramponnant à leurs racines. Plus bas, c’est la

372 2945 2309 73 vallée, avec ses terrasses à l’abandon, ses moulins qui s’en vont en

367 3029 2309 79 décombres au milieu des pâtures. Mistigri reçoit en pleine figure la vision de

372 3128 2300 81 ce que son pays est devenu : un pays que l’on a privé de ses ressources,

369 3209 1231 93 dépeuplé, épuisé, un pays saigné à blanc.

484 3333 744 77 Il ne peut aller plus loin.
