3060 3960
479 369 2202 68 Hagard, le patriarche recule lentement vers la porte. Marguerite s’est

369 451 2307 79 emparée de son bâton. Echevelée, les yeux fous, elle le menace. Mistigri

372 556 2309 62 continue de reculer, fixant le bâton. Marguerite le brise sauvagement sur son

372 631 2304 86 genou. La colère a décuplé ses forces. Elle jette les morceaux dans la

369 721 1938 86 direction du vieux qui pousse un gémissement et soudain s’enfuit.

479 844 2195 73 Il passe devant les quatre hommes assis sur un tronc d’arbre dans la cour.

369 930 2310 77 Il les voit plaisanter et chahuter. Sa gorge exhale une longue plainte qu’il ne

367 1020 2312 86 peut contrôler. Il entend des cris, se retourne. Les femmes sont sorties dans la

369 1113 2312 75 cour. Mariette a ramassé une caillasse, elle la lui lance. La boue gicle aux

372 1199 2304 90 pieds du vieillard. Grotesque, il se met à courir. Folles de rébellion, les

372 1293 1111 73 femmes le poursuivent et le lapident.

477 1410 2204 88 Il dévale la coursière jusqu’au village. Quelques pierres l’atteignent

369 1502 2310 75 encore. Il a les fesses en feu, et une lourdeur énorme emplit l’intérieur de sa

369 1592 2307 77 tête. Il a l’impression d’être poussé et qu’en même temps, pour avancer, il lui

372 1685 2304 75 faut lutter contre un obstacle invisible en s’y appuyant de toutes ses forces, de

372 1777 455 71 tout son poids.

482 1894 2194 72 Il ne sent pas le sol qui roule et se dérobe sous ses pas. Au passage, les

372 1984 2304 73 fougères et les ronces le fouettent et mordent brutalement à même son corps

367 2072 2307 77 douloureux. Il croit descendre un couloir vertigineux qu’il creuse à mesure.

372 2160 2304 88 Dans un vide étrange, il plonge entre deux colonnes de végétation qui le

372 2252 2300 77 brassent et le maltraitent, qui tour à tour lui arrachent les bras et les lui

369 2343 799 83 plaquent contre les flancs.

479 2459 2195 79 Il tombe plusieurs fois. Chaque fois il se relève pour continuer à courir

369 2552 665 72 où la pente l’entraîne.

482 2673 1292 74 Il sera en sang quand il arrivera au village.

479 2791 2197 82 Sur la place gazonnée, sous les ormes, deux vieux vêtus de moleskine

369 2888 2312 68 bleue jouaient aux boules. C’étaient des retraités, enfants du pays qui étaient

372 2985 2309 64 revenus y demeurer pour terminer leurs jours. Deux vieilles les regardaient

369 3066 1581 71 en tricotant, assises sur le parapet qui longe le ravin.

482 3185 2194 84 Monsieur le Curé sortit de l’église, accompagné de sa gouvernante. Il

369 3273 2305 88 acccorda un regard aux joueurs, eut un petit signe de tête quand l’un d’eux se

369 3359 1392 81 découvrit, puis se dirigea vers sa vieille 2 CV.
