3060 3960
475 374 2201 63 Le patriarche, d’un geste de la main, fait comprendre qu’il est d’accord.

369 448 2310 77 Puis il leur fait signe de boire. Marguerite attend, la bouteille de gnôle à la

372 543 2307 73 main. Les hommes vident leur verre. Marguerite les sert, effleurant le

374 633 2307 77 Barbeau au passage. Il y a un rapide échange de regards. Le vieux n’a rien

367 723 669 82 remarqué. Il continue.

482 840 2194 88 — Pour sûr, il y a de l’ouvrage. D’abord F regain, puis que j' fasse mes

367 930 2314 79 coupes... Déjà que pour F regain (Il se tourne vers Marguerite), on est bien

369 1020 2307 80 empêchés, rapport à l’Eugène qui part au régiment... Et après, il y aura ces

372 1113 2304 75 coupes, dans la frênaie aux Pierres Folles. Il est tout juste temps: après, le

369 1199 2307 81 bois, il serait attaqué de la vermoulure... Et puis il y a aussi le fenil qu’il

374 1291 1682 75 faudrait remettre debout. Pour sûr, il y en a de l’ouvrage.

482 1412 2197 75 Mistigri termine son morceau de fromage, un joli bout de Saint-Nectaire

369 1518 2307 59 comme on n’en fait plus, la croûte crevassée avec tout plein de moisissures

374 1592 2300 80 vertes et rouges dessus. Ensuite, il écluse son canon et tend le verre à

372 1683 2304 77 Marguerite qui lui sert une bonne rasade de gnôle, une pleine contenance de

376 1775 542 73 verre à moutarde.

482 1894 2197 83 — Vous êtes logés, nourris, cinq litres de vin chacun par jour, et soixante

369 1982 1284 75 mille francs chacun au bout des deux mois.

477 2101 2202 77 Le patriarche regarde les trois hommes avec un air qui ne souffre pas la

367 2191 2316 75 discussion. Mais il n’y a aucune protestation. S’il avait su. Mistigri n’aurait

369 2281 2307 90 proposé que cinquante mille francs. Il liquide son verre en trois lampées

369 2373 1257 82 espacées de petits claquements de langue.

479 2490 2197 79 Après, il essuie ses moustaches du revers de la main, se pourléche les

369 2582 2307 75 babines, ressuie le tout d’un revers de manche en même temps qu’il se recule

369 2675 1447 83 en prononçant la formule consacrée par l’usage:

484 2794 2197 74 — Anem, tant que la fumada del vin dura... Allons tant que la fumée du

372 2879 281 77 vin dure.
