3060 3960
477 363 2204 77 Personne n’a eu le temps d’intervenir. On se regarde déconcerté et on

372 453 2309 75 éclate de rire. Le Mistigri qui s’enfuit et s’en va battre la campagne, c’est

372 541 2304 77 dans l’ordre, comme il fut dans l’ordre de rentrer à la ferme, comme le

369 631 1526 86 pillage de la ferme va maintenant être dans l’ordre.

479 750 1449 86 — Quand est-ce qu’on mange? demande Chtouki.

477 871 2202 77 Au soir, toutes les fenêtres de la vaste bâtisse sont grandes ouvertes. Saïd

369 959 2307 81 est debout dans l’embrasure de l’une d’elles. Arc-bouté au-dessus du vide, il

369 1049 2310 77 tire à lui, haie à l’aide d’une corde, s’efforce de faire passer par l’ouverture

369 1141 2307 77 une armoire énorme. Bientôt, Jeanne, Nane et Chtouki poussant, le meuble

369 1232 2307 74 repose en aplomb sur le bord de la fenêtre. Saïd le retient d’une main; de

372 1322 2304 75 l’autre, accroché au linteau, il préserve son équilibre précaire. On se

369 1412 2310 75 rapproche pour voir, on se bouscule. Saïd la lâche: lentement, l’armoire

369 1500 2305 84 bascule, puis tombe, s’écrase dans la cour. La gerbe de boue les éclabousse

374 1599 165 77 tous.

479 1709 2197 79 La grande glace frontale a explosé, renvoyant un bref instant l’image

369 1801 2310 75 éclatée de la ferme et de ses dépendances. Une aiguille de verre est venue

374 1894 2302 79 frapper Ramos au front. Il rit. Agréablement ivre, il n’a pas senti l’impact,

369 1980 2307 77 occupé qu’il était à sortir un grand matelas avec l’aide de Mariette. Celle-ci

374 2072 2305 75 se précipite, l’empoigne, l’immobilise étonné, puis retire délicatement la

369 2160 2312 88 pointe de verre restée plantée dans la blessure. Un peu de sang s’écoule, un

369 2250 2307 79 mince filet qu’elle lèche doucettement à petits coups de langue, se hissant sur

372 2345 2307 75 la pointe des pieds. Ramos se remet à rire et étreint Mariette, soudain

374 2433 392 75 bandant dur.

484 2554 2190 79 Bandant encore plus fort, c’est à ce moment que sort le Barbeau,

369 2644 2310 81 encombré par le transport de cinq chaises. Il èn lâche quatre, jette la

367 2732 2309 75 cinquième en l’air, la rattrape sur le front, front contre dossier, pieds vers le

369 2824 2303 80 ciel, puis ramasse les autres, deux dans chaque main, et marche, tête haute,

369 2910 2307 79 maintenant le chancelant équilibre, jusqu’à l’amas désordonné où les meubles

367 3003 2309 74 commencent à s’entasser. Là, d’un mouvement sec du cou et de l’échine, le

372 3093 2304 83 nègre équilibriste projette la chaise directement de l’os frontal sur

374 3183 526 75 l’amoncellement.

484 3302 2195 75 — L'os, retenez ça, dit le Barbeau, retenez bien ça, l’os du crâne. (Il prend

374 3396 2298 80 l’accent nègre pour poursuivre. Il poursuit et désigne.) L'os-là... Mon che’,

376 3480 2292 90 l’os-là, l’est beaucoup plus du' qu' les Blancs, beaucoup plus g'os aussi...
