3060 3960
369 365 2305 72 renverse un verre. Le Barbeau le redresse. Jeanne prend l’assiette. Leurs

372 455 1611 73 doigts s’effleurent, se rencontrent, restent à se toucher.

482 572 2192 83 L'assiette remplie, les doigts se séparent. A l’autre bout de la table,

374 666 2302 71 Mistigri émiette du pain entre ses paumes; il en saupoudre la soupe dans

372 754 2302 73 laquelle il verse le contenu d’un bon verre de vin; puis il commence à laper.

372 842 2302 82 La cuiller en l’air, le Barbeau cherche le regard de Jeanne, mais celle — ci,

369 932 2305 77 tête baissée, mange consciencieusement. Il plonge la cuiller dans son assiette

369 1025 852 72 et abandonne, pour l’instant.

482 1139 2197 77 Nane a observé la scène. Elle engloutit sa soupe en silence. La place à sa

372 1232 2304 85 gauche est toujours vide. Eugène pourrait s’y asseoir s’il arrivait, mais Nane

372 1326 2304 71 sait qu’il ne rentrera pas ce soir ; peut-être seulement demain matin... juste

369 1410 2310 88 pour prendre sa valise et partir. Elle préfère. Elle n’aime pas son frère. A la

369 1498 2307 90 pensée d’être assise à côté de lui, elle frissonne. Elle l’imagine assis à côté

369 1590 2305 79 d’elle : il serait en face de ce grand type bronzé et presque blond. Nane a

367 1680 2307 80 entendu son nom tout à l’heure : Saïd. Saïd, c’est arabe, ça, comme nom.

372 1771 2307 79 Loulou, son cousin de la Bastide Albepierre a fait l’Algérie; il en raconte de

369 1861 2307 77 belles sur les bicots, les crouilles, comme il dit. Le gars, pourtant, n’a pas

372 1949 2309 79 l’air bicot. Saïd, c’est peut-être un nom qu’il s’est donné comme ça. On dirait

372 2039 2302 86 vraiment pas un Arabe. Elle a l’impression qu’il lui sourit. Elle rougit. Vite,

369 2131 2307 77 elle baisse les yeux. Elle éprouve une sensation étrange, c’est comme une

372 2222 2309 90 grande crainte qui pénètre en elle. C’est pour ça qu’elle fuit les garçons et

369 2310 681 83 qu’elle aime les bêtes.

479 2426 2200 82 Elle évite le regard de Chtouki assis en face d’elle. Il vient de terminer sa

374 2525 2305 73 soupe et est occupé à remonter sa montre. Une drôle de montre. Nane n’en a

369 2613 2307 86 jamais vu des comme ça. Plus loin, ses yeux se posent sur Ramos qui caresse

372 2703 2302 80 la chatte installée sur ses genoux. La chatte ronronne. Celui-là n’est pas trop

374 2791 1666 77 beau, mais il doit être gentil puisqu’il aime les animaux.

484 2912 2195 75 Marguerite attend que Mistigri ait terminé sa soupe, puis elle se lève. Le

369 3000 2307 80 Barbeau la suit des yeux jusqu’à ce que son regard accroche celui de Jeanne

369 3091 714 74 de nouveau fixé sur lui.

479 3209 2200 86 Jeanne est complètement immobile, un peu crispée. Elle peut entendre

374 3304 2302 73 son cœur battre. Le rythme s’accélère. Son regard se dérobe, mais c’est par

369 3392 2303 106 coquetterie; il va d’un homme à l’autre, marque un temps d’arrêt un peu plus
