3060 3960
486 363 2193 74 — Va-t’en, répéta Mariette à l’intention de la femme tout en continuant de

369 453 518 83 regarder Ramos.

475 569 2204 75 Comme celle-ci ne faisait pas mine de s’en aller, Mariette fonça dans sa

372 664 2304 73 direction. La femme poussa un petit cri et n’eut que le temps de s’écarter.

372 752 2304 75 Mariette passa tout contre elle ; elle allait si vite qu’elle trébucha dans le

372 840 2304 77 tapis, renversa un guéridon style nouille, faillit perdre l’équilibre. Elle se

369 930 2307 79 rattrapa aux tentures du lit à dais et fit immédiatement volte-face. Comme la

369 1020 2307 84 fille était toujours dans la pièce, elle fonça de nouveau. La fille plongea vers

372 1113 2300 83 la porte. Le Barbeau, attiré par le bruit, la reçut dans ses bras. Cette fois,

372 1201 984 83 Mariette l’avait manquée de peu.

479 1322 1317 72 — Je vais la reconduire, dit soudain Ramos.

484 1441 984 74 — Non, hurla Mariette à tue-tête.

482 1562 1133 74 — Je m’en occupe, décida le Barbeau.

484 1678 1008 90 — De quoi j' me mêle, dit Ramos.

484 1801 544 86 — J' m’en occupe.

482 1922 625 77 Ramos n’insista pas.

484 2041 2195 86 — C’est pas des choses qu’on fait, qu’est-ce qui t’a pris? demanda-t-il

372 2134 750 74 resté seul avec Mariette.

479 2248 2200 81 Il la fixait de son curieux regard clignotant et paraissait à la fois furieux

369 2343 309 72 et touché.

484 2459 1699 90 — Tu payes pour faire ça, répondit Mariette avec mépris.

482 2582 708 86 — Eh bien je paye, oui.

482 2699 1318 88 — Tu t' bats pour elle, tu l’enlèves comme si

479 2820 2189 79 elle était une princesse, elle a encore l' culot de t' demander d’l’argent...

372 2915 565 72 et toi, tu marches!

479 3031 1238 86 — Qu’est-ce que tu veux, c’est son métier.

484 3150 966 86 — Son métier... Tu m' dégoûtes.

482 3267 759 88 — Faut bien qu’elle vive.

495 3388 999 90 —* C’est ça qu' t’appelles vivre?
