3060 3960
367 365 2307 83 peur. Elle ne va tout de même pas caner! Son visage se crispe. Elle continue

369 451 2250 81 de soutenir le regard du patriarche. Elle arrive même à sourire, timidement.

479 569 1475 80 — T’as qu’à lui demander, dit-elle tranquillement.

482 690 328 86 — Putain!

482 809 2194 79 Le poing du vieux part. Elle s’y est préparée, mais elle est tout de même

369 902 2307 74 surprise. Cette fois, c’est sa bouche qui saigne. Des larmes silencieuses

369 992 2305 75 coulent de ses yeux. Son sourire s’est pétrifié, mais elle s’efforce de le

369 1082 1761 77 conserver. Elle a fermement décidé qu’elle ne canerait pas.

482 1201 1695 77 — Marguerite, commande Mistigri, va chercher le fouet!

482 1317 724 88 — Non! dit Marguerite.

482 1441 849 77 Le patriarche est abasourdi.

482 1562 1061 74 Marguerite le dévisage froidement.

479 1680 2197 77 Fou de rage, le vieux se précipite sur le bâton à bout ferré qu’il a

372 1773 2304 75 abandonné près de la porte. Il se rue sur sa femme, le bâton levé. Mariette lui

374 1863 2305 75 fait un croche-pied. Le vieux se rattrape à la table, perd son bâton. Mariette

369 1951 2307 77 est déjà sur lui. Elle lui plante ses dents dans une fesse. Le vieux essaie de

369 2039 2307 79 lui faire lâcher prise, mais Jeanne l’a déjà empoigné par les cheveux tandis

369 2129 1825 79 que Marguerite lui griffe le visage. Mistigri se met à beugler.

482 2250 2194 77 Mariette affirme sa prise. On pourrait croire qu’elle va lui arracher le

367 2343 2309 74 morceau. Le vieux se débat. Il essaie de distribuer coups de pieds et coups

369 2431 2305 79 de poing, tente de se remettre debout. Il va y parvenir. La Nane intervient, lui

372 2525 2302 79 immobilisant les mains, pendant que la Mariette, sans abandonner sa prise,

372 2611 2309 77 fait au vieux un autre croc-en-jambe. Il s’affale lourdement et elles tombent

372 2703 2309 75 toutes, cul par-dessus tête. Mariette est forcée de lâcher prise elle en

369 2794 2307 83 profite pour reprendre sa respiration et refermer sa mâchoire sur l’autre

374 2884 1853 72 fesse. Le mugissement de Mistigri se transforme en hurlement.

482 3000 2192 82 Marguerite se relève, puis les autres filles. Mariette reste la dernière,

369 3097 2310 68 cramponnée à la fesse du vieux qui se secoue comme un fou pour la

369 3179 2310 79 décrocher. Il braille de rage, essaie de la saisir par les cheveux, mais elle l’a

369 3269 2312 92 déjà lâché et se trouve hors de portée. Mistigri se retrouve debout, titubant et

369 3359 1022 81 haletant. Les femmes lui font face.
