3060 3960
484 360 2195 80 — J't’emmène pas, dit-il d’une voix très douce. J' vais acheter à boire. On

369 453 1187 81 me fera rien. J' t’emmène pas, c’est tout.

482 572 1098 72 Mariette hoche nerveusement la tête.

479 690 2200 77 Ramos lui prend doucement la main. Mariette descend du capot, se libère

369 781 2312 85 brusquement de Ramos, se dirige vers la portière opposée à celle du

367 871 2309 83 conducteur. Ramos la rattrape et la gifle posément. Les yeux de Mariette

374 961 709 84 s’emplissent de larmes.

479 1082 1055 81 — Tu restes ici, commande Ramos.

479 1201 2195 77 Il s’assoit au volant, passe la première vitesse. Avant d’embrayer, il

372 1289 526 79 sourit à Mariette.

482 1412 409 86 — Approche.

482 1529 246 85 — Non.

484 1650 751 88 — S’il te plaît, approche.

479 1771 2193 79 Le visage dur, la démarche un peu raidie, Mariette vient à sa hauteur.

372 1863 1519 81 Ramos se penche et dépose un baiser sur son front.

482 1980 1175 85 — T’inquiète pas, j' reviens tout d’suite.

479 2101 615 74 La voiture démarre.

477 2219 2199 80 Le regard vide, Mariette la suit des yeux, qui s’éloigne. Moumousse la

372 2316 1514 71 chatte de Ramos vient se frotter contre ses jambes.

477 2426 2197 82 Le débit de boissons est bondé; il y règne une atmosphère irrespirable.

369 2521 2307 77 A travers la fumée on distingue vaguement le poste de télévision. Sur le

374 2609 2302 79 verre bombé du petit écran passent dans une lumière bleutée les images d’une

369 2703 2305 75 battue de chasse qui semble mettre en œuvre des moyens exceptionnels, mais

369 2791 2145 77 on mène tel vacarme dans le caboulot que le commentaire est inaudible.

484 2908 2192 81 Trois drôles fêtent leur retour du service militaire. Ils ont fait décrocher

367 2998 2305 90 par l’aubergiste trois bouteilles enrubannées de tricolore : une de coin¬

372 3095 2311 84 treau, une de cognac, une de liqueur des Vosges. Ils boivent, alternant et

372 3185 2304 71 mêlant le tout consciencieusement, partageant leur soûlerie avec trois

376 3273 2296 86 gendarmes qu’ils ont invités à leur table. Avec quelques autres braillards,

369 3359 1651 77 Loulou de la Bastide Albepierre vient se joindre à eux.

484 3478 1913 88 — Tiens, l' Tonton Michel, tu boiras bien F coup aussi, crie-t-il.
