3060 3960
367 365 2309 81 ressert... Bourrique de Marguerite, j' te m’en vais lui coller une de ces

372 453 2311 81 frottées! Il boit un coup. Faut s’ refaire... La bourrique! Un autre p’tit

369 539 2312 81 coup... J' te vais lui apprendre à m' chercher des rognes, moi ! Voilà qu’il en

369 633 2307 82 est brusquement tout saboulé. Contre l’étoffe graisseuse de sa manche, il sent,

367 721 1689 77 essuie, renifle sa gueule croutonneuse et bavante. Millo¬

479 842 2204 75 dious! Marguerite, c’est ma femme, ça, Marguerite! La salope, bon

369 928 2312 81 Dieu, la salope! J' suis cocu, merde, j' suis un foutu nom de Dieu d’cocu! Eu

369 1020 2312 91 jusqu’au trognon, eu par ces nom de Dieu d’encu- lés d’ Bougnoules qu’au

372 1117 2311 71 lieu d’ rester dans leur foutue saloperie d’ pays de meurt-de-faim viennent

369 1201 2312 88 faire le béluguet par ici pour baiser nos saloperies d’bonnes femmes qui font

369 1291 2307 88 qu' rêver de s’ faire mettre par ces salopards d’empaffés et qui savent pas

369 1383 2310 88 quoi inventer pour rester à gourgandi— ner tout autour. Jusqu’au trognon

372 1474 2302 81 qu’ils m’ont eu, tous. Cocu, cocu, cocu. Sa main tâtonne. Cocu. Sous la table,

372 1564 836 81 sa main fourgonne toujours.

479 1683 1022 83 — Alors? commande Marguerite.

484 1801 2197 77 Mistigri l’entend à peine. Il humecte ses lèvres, va se lever. Sa main est

367 1889 2309 91 posée sur le canon de son fusil qui est appuyé contre le pied de la table. Il

369 1982 2312 86 pousse un grognement inarticulé, se dresse. Mais la main de Saïd s’est

372 2072 1426 77 refermée sur le canon du fusil et l’a imobilisé.

479 2189 742 92 — Fais pas l’ con, pépé.

482 2310 2194 85 Mistigri retombe assis, les épaules affaissées, le menton contre la

367 2400 2307 88 poitrine. Saïd lui prend le fusil, casse le canon sur son genou, retire les

367 2492 1160 75 cartouches qu’il enfouit dans sa poche.

479 2609 1467 88 — Allez, fait Ramos. T’en fais pas. Bois un coup.

479 2732 903 75 Il le sert d’autorité, explique:

479 2851 1854 86 — Valait mieux qu’on t' retire c' truc-là, t’aurais pu t' faire mal.

479 2970 2200 77 Avec une agilité insoupçonnable, le vieux se lève soudain. Il balance le

372 3064 2302 75 verre que lui a servi Ramos avec son contenu au visage de Saïd sur lequel il

372 3150 2307 81 fonce, tête baissée. Saïd, surpris, laisse échapper le fusil dont le vieux

372 3242 2300 95 s’empare. Faisant de grands moulinets avec et poussant des cris de bête,

372 3333 1034 88 Mistigri se précipite vers la porte.
