3060 3960
497 360 2168 88 — Qu’est-ce qui n’est pas pareil, voyons, Boyer? demande le député...

372 455 1043 73 Ces Messieurs sont venus pour ça.

477 569 2199 88 — Eh bien, vous voyez monsieur le Député, on n’aime pas bien parler de

367 664 2309 73 ces choses-là avec les étrangers sauf votre respect, mais depuis qu’y a tout ce

367 752 2309 81 mauvais monde qui s’est installé par là-bas, ça craint d’aller y traîner.

367 842 2312 75 Chacun sait ses affaires, et avec ces Bougnoules-là on est tout à l’heure à la

369 932 936 82 merci du flingot ou du couteau.

477 1051 1431 86 — Quels Bougnoules? sursaute le commandant.

486 1170 2188 81 — Oui, on m’en a informé, dit le député. Le vieux Charvaysse (Mistigri)

367 1260 2314 79 est devenu cinglé. Sa femme et ses filles l’ont fichu à la porte et elles vivent

372 1370 653 57 avec des saisonniers.

482 1471 799 75 — Ah, fait le commandant.

484 1590 720 86 — Ah, fait le lieutenant.

477 1709 2204 90 Il paraît ennuyé. Il fait demi-tour et toise les trois forains qui se tiennent

369 1804 2310 72 immobiles, en appui sur leurs masses, uniquement occupés à écouter et à

369 1892 2310 85 observer. Le regard du gendarme dérange le plus âgé des trois qui reprend sa

372 1984 1241 73 masse, la lève, la balance sur son épaule.

484 2109 2192 69 — Allons, dit-il à l’intention des deux autres, la besogne ne s’ fera pas

369 2193 361 73 toute seule.

477 2310 2206 77 Et il s’y remet, la menant vite. Le lieutenant lui tourne le dos et poursuit

372 2404 565 73 son interrogatoire.

482 2523 2194 73 — Et les filles, est-ce qu’elles auraient eu une chance, ou bien eux, les

374 2613 2305 77 Boug..., les Arabes, ils auraient eu une chance d’aller traîner par là? Je veux

369 2699 921 75 dire du côté du deuxième feu?

482 2824 986 82 — Allez savoir avec ces gens-là.

482 2937 735 85 — Bon, dit le lieutenant.

482 3060 2071 77 — Avez-vous toujours la clé de l’ancienne école? demande le député.

482 3179 788 85 L’aubergiste hoche la tête.

484 3297 768 88 — Celle de l’église aussi.

484 3418 1318 80 — L’école suffira. Vous allez nous l’ouvrir...
