3060 3960
367 363 2314 79 ruisseau en contrebas. Mariette la regarde, à plat ventre dans la mousse et en

372 468 1710 62 appui sur ses coudes, soutenant son menton à deux mains.

477 567 2204 82 Le capot de la voiture est levé. Saïd puise de l’eau dans un vieux bidon

369 662 2310 75 cabossé et s’en va la transvaser dans le radiateur qui fume. Le bidon fuit, et il

367 752 2316 84 doit faire plusieurs fois le voyage jusqu’au ruisseau. Vautré sur une aile avant

369 840 2312 84 du véhicule, Ramos suit tous ses mouvements. La bouteille de gnôle est

369 930 976 86 posée en équilibre à côté de lui.

477 1049 2202 95 De l’autre côté du chemin, assis sur un talus gazonné, le Barbeau consulte

372 1141 2304 86 une carte détaillée de la région. Marguerite s’appuie sur son épaule. Posé

367 1227 2305 93 près d’eux dans l’herbe, un transistor fait entendre Richard Anthony qui

369 1320 1055 74 chante « J’entends siffler le train».

484 1441 1699 77 Le train siffle et le Barbeau désigne un point sur la carte.

479 1559 1880 84 — On passera la frontière ici, dit-il. Y a qu’à suivre ce chemin.

479 1680 2200 77 Saïd a fini de remplir le réservoir; il jette au loin le bidon cabossé et

372 1773 1523 77 rouillé, s’essuie les mains dans une touffe d’herbes.

482 1892 1206 85 — Ça y est, on peut y aller, annonce-t-il.

477 2013 2136 77 Chtouki émerge du bois. Il brandit triomphalement deux cèpes énormes.

484 2131 1435 86 — Y en a plein, claironne-t-il. Il faudrait un sac.

479 2250 2195 86 La Nane apparaît derrière lui. Elle porte dans ses bras la chatte de

374 2345 249 75 Ramos.

479 2457 806 88 — On va repartir, dit Saïd.

477 2580 1347 86 — Elle est encore chaude, remarque Chtouki.

482 2699 792 88 — Plus bien, répond Saïd.

479 2824 2200 75 — On ne repart pas, tranche le Barbeau. On attend la nuit et on passe feux

369 2908 240 86 éteints.

477 3029 1948 88 — Pourquoi? demande Mariette. On peut bien passer maintenant.

484 3152 2195 75 — Sans doute, dit le Barbeau. Il n’y a pas de poste frontière à moins de

367 3240 2314 77 dix kilomètres, mais vous n’avez même pas de carte d’identité. Quand on n’est

372 3333 1109 90 pas en règle, on ne doit rien négliger.
