3060 3960
479 363 2197 77 Elle posa ses pieds nus sur le ventre tiède de sa sœur et la regarda avec

374 455 1409 77 une moue complice. Nane lui sourit en retour.,,

482 574 889 83 — J' suis v’nu pour vous voir.

488 690 2193 88 — Est-ce qu' tu m’... est-ce que tu nous vois? s’enquit gravement

372 776 297 79 Mariette.

479 897 672 88 — Oui, répondit Saïd.

479 1020 1374 84 Nane, la lèvre à peine mordue, inclina la tête.

482 1141 1547 86 — Qu’est-ce que tu vois au juste? demanda–t-elle.

479 1258 839 86 — Toi. Deux sœurs. Belles.

482 1381 2186 79 — Belles oui, mais tu t' trompes, dit Mariette. J' suis une princesse. On...

374 1476 933 72 Nous sommes deux princesses.

484 1592 704 86 —Quelles princesses?

486 1711 2182 75 — Princesse-moi... Princesse-elle et Princesse- moi. Tu n' savais pas?

374 1801 2181 77 Moi j' suis princesse et elle, elle est princesse... C’est vrai, s' pas Nane?

482 1918 1611 90 — Oui, répondit Nane, c’est tout c' qui 'y a d’plus vrai.

482 2039 513 77 Mariette ajouta:

482 2160 2199 86 — Même que nos vrais noms, c’est princesse Nane et Princesse... Tu

369 2252 619 84 nous crois j’espère?

479 2369 2193 88 — Bien sûr, dit Saïd. Même qu’aujourd’hui t’es devenue une vraie reine,

374 2459 577 79 la Reine Florine...

479 2578 1240 79 Il y eut un silence. Mariette hocha la tête.

482 2703 2190 75 — Eh bien not' Reine, demanda Saïd, qu’est-ce que vous proposez, qu’est-

367 2794 766 72 ce qu’on fait maintenant?

477 2910 2199 84 En appui sur les avant-bras, la tête penchée vers son loyal sujet, Mariette

372 3005 517 72 étire ses jambes.

477 3121 2197 75 — J’ai bien réfléchi, finit-elle par dire gravement. On arrête et on rentre.

369 3212 2303 77 Et on rentre joyeusement. A la ferme, il y a à dépenser, à boire et à manger.

374 3304 1096 75 Pas la peine d’laisser ça au Mistigri.
