<?xml version="1.0" encoding="UTF-8"?>
<alto xmlns:xsi="http://www.w3.org/2001/XMLSchema-instance"
      xmlns="http://www.loc.gov/standards/alto/ns-v4#"
      xsi:schemaLocation="http://www.loc.gov/standards/alto/ns-v4# http://www.loc.gov/standards/alto/v4/alto-4-2.xsd">
  <Description>
    <MeasurementUnit>pixel</MeasurementUnit>
    <sourceImageInformation>
      <fileName>page_00137.png</fileName>
      
    </sourceImageInformation>
  </Description>
  
  <Tags>
    <OtherTag ID="BT10547" LABEL="MainZone" DESCRIPTION="block type MainZone"/><OtherTag ID="BT10548" LABEL="NumberingZone" DESCRIPTION="block type NumberingZone"/><OtherTag ID="BT10549" LABEL="RunningTitleZone" DESCRIPTION="block type RunningTitleZone"/><OtherTag ID="BT10550" LABEL="TitlePageZone" DESCRIPTION="block type TitlePageZone"/><OtherTag ID="BT10551" LABEL="MarginTextZone" DESCRIPTION="block type MarginTextZone"/><OtherTag ID="BT10552" LABEL="QuireMarksZone" DESCRIPTION="block type QuireMarksZone"/>
    <OtherTag ID="LT4125" LABEL="DefaultLine" DESCRIPTION="line type DefaultLine"/><OtherTag ID="LT4126" LABEL="HeadingLine" DESCRIPTION="line type HeadingLine"/><OtherTag ID="LT4127" LABEL="default" DESCRIPTION="line type default"/>
  </Tags>
  
  <Layout>
    <Page WIDTH="3060"
          HEIGHT="3960"
          PHYSICAL_IMG_NR="133"
          ID="eSc_dummypage_">
      <PrintSpace HPOS="0"
                  VPOS="0"
                  WIDTH="3060"
                  HEIGHT="3960">
        
        <TextBlock HPOS="351"
                   VPOS="339"
                   WIDTH="2352"
                   HEIGHT="3166"
                   ID="block_0"
                   TAGREFS="BT10547">
          <Shape><Polygon POINTS="2703 339 2703 3469 351 3505 356 339"/></Shape>
          
          
          <TextLine ID="eSc_line_c7fefd95"
                    TAGREFS="LT4125"
                    BASELINE="369 420 2676 415" 
                    HPOS="369"
                    VPOS="365"
                    WIDTH="2307"
                    HEIGHT="83">
            <Shape><Polygon POINTS="2635 376 2613 376 2591 376 2569 376 2547 376 2525 376 2503 376 2481 376 2459 376 2436 376 2414 376 2392 374 2370 374 2348 374 2326 374 2304 374 2282 374 2260 374 2238 374 2232 374 2230 376 1811 376 1739 369 1732 369 1710 369 1688 369 1666 369 1646 369 1637 374 1547 369 1534 369 1518 367 1503 367 1490 367 1468 367 1446 367 1439 367 1373 376 1369 376 1367 376 1325 367 1314 367 1301 367 1252 376 1248 376 1246 376 1162 365 1160 365 1109 376 1107 376 1050 365 1047 365 1045 365 1008 376 1006 376 1003 376 911 365 909 365 906 365 904 365 887 376 884 378 759 378 757 376 647 365 645 365 583 376 519 365 517 365 383 376 369 420 369 437 570 448 572 448 660 437 673 437 680 437 713 448 715 448 717 448 719 448 761 437 768 437 774 437 823 448 825 448 873 437 880 437 1408 437 1419 437 1518 448 1521 448 1686 437 1730 435 1785 437 1970 446 1972 446 2674 435 2676 415 2674 376 2657 376"/></Shape>
	    <String CONTENT="C’est pou&#x27; ça que dans le c’âne des nègues y&#x27;a beaucoup moins d’place pou&#x27; la"
                    HPOS="369"
                    VPOS="365"
                    WIDTH="2307"
                    HEIGHT="83"
                    WC="0.9884968280792237"></String>
          </TextLine>

          
          
          <TextLine ID="eSc_line_c6a58c0c"
                    TAGREFS="LT4125"
                    BASELINE="372 510 2676 503" 
                    HPOS="369"
                    VPOS="448"
                    WIDTH="2307"
                    HEIGHT="80">
            <Shape><Polygon POINTS="372 510 372 528 2674 528 2676 503 2672 466 2459 466 2425 448 2423 448 2421 448 2419 448 2364 464 2201 464 2172 448 2170 448 2168 448 2062 459 1994 448 1992 448 1990 448 1961 464 1910 448 1908 448 1906 448 1758 466 1723 451 1721 451 1719 451 1717 451 1677 466 1602 451 1600 451 1530 466 1067 453 1065 453 1063 453 1032 470 620 470 589 453 587 453 585 453 506 464 444 453 442 453 440 453 369 470 372 510"/></Shape>
	    <String CONTENT="ce&#x27;velle, mon vieux. Çà-là, chose — là, c’est Missié Missionnai’e qui a"
                    HPOS="369"
                    VPOS="448"
                    WIDTH="2307"
                    HEIGHT="80"></String>
          </TextLine>

          
          
          <TextLine ID="eSc_line_28737a26"
                    TAGREFS="LT4125"
                    BASELINE="372 598 2681 598" 
                    HPOS="372"
                    VPOS="543"
                    WIDTH="2309"
                    HEIGHT="75">
            <Shape><Polygon POINTS="372 598 372 616 2679 618 2681 598 2681 558 2531 558 2511 545 2509 545 2507 545 2505 545 2503 545 2463 556 2417 543 2414 543 2412 543 2351 556 2276 543 2274 543 2271 543 2219 556 2086 543 2084 543 1992 556 1939 543 1937 543 1935 543 1932 543 1884 556 1809 543 1807 543 1747 556 1725 543 1723 543 1721 543 1648 543 1646 543 1585 558 1305 558 1261 543 1259 543 1257 543 1179 556 1127 543 1124 543 1122 543 1120 543 1072 556 1023 543 1021 543 1019 543 1017 543 992 556 816 556 739 543 737 543 660 556 634 543 631 543 629 543 627 543 583 554 486 543 484 543 372 556 372 598"/></Shape>
	    <String CONTENT="expliqué... Pas jamais donné un coup su&#x27; la tête des nègues-là, c’est mon"
                    HPOS="372"
                    VPOS="543"
                    WIDTH="2309"
                    HEIGHT="75"
                    WC="0.9959622827860025"></String>
          </TextLine>

          
          
          <TextLine ID="eSc_line_7b567538"
                    TAGREFS="LT4125"
                    BASELINE="374 686 2311 693" 
                    HPOS="372"
                    VPOS="629"
                    WIDTH="1939"
                    HEIGHT="92">
            <Shape><Polygon POINTS="374 686 372 701 427 717 429 717 431 717 1613 708 1662 721 1664 721 1666 721 2309 708 2311 693 2309 651 2243 651 2243 649 2210 633 2208 633 2205 633 2106 644 1996 633 1994 633 1992 633 1959 644 1906 633 1904 633 1743 649 1725 649 1714 649 1615 631 1461 631 1459 631 1457 631 1455 631 1433 646 1402 631 1400 631 1329 631 1327 631 1325 631 1323 631 1301 646 1296 646 1208 631 1206 631 1204 631 1153 644 1107 631 1105 631 1102 631 1100 631 1063 644 1021 629 1019 629 1017 629 1014 629 964 644 873 629 871 629 869 629 812 644 810 646 578 646 574 644 545 629 543 629 541 629 539 629 508 642 440 629 438 629 435 629 433 629 413 644 409 644 374 644 374 686"/></Shape>
	    <String CONTENT="adjudant qui a dit... Toujou&#x27; au foie faut f’apper, toujou&#x27; au foie..."
                    HPOS="372"
                    VPOS="629"
                    WIDTH="1939"
                    HEIGHT="92"
                    WC="0.9937697921480452"></String>
          </TextLine>

          
          
          <TextLine ID="eSc_line_f297a19a"
                    TAGREFS="LT4125"
                    BASELINE="2540 809 2681 805" 
                    HPOS="2538"
                    VPOS="756"
                    WIDTH="143"
                    HEIGHT="80">
            <Shape><Polygon POINTS="2540 809 2540 825 2588 836 2591 836 2681 822 2681 805 2674 756 2538 767 2540 809"/></Shape>
	    <String CONTENT="nn-i"
                    HPOS="2538"
                    VPOS="756"
                    WIDTH="143"
                    HEIGHT="80"
                    WC="0.9988760203123093"></String>
          </TextLine>

          
          
          <TextLine ID="eSc_line_2cea315b"
                    TAGREFS="LT4125"
                    BASELINE="482 932 2672 926" 
                    HPOS="479"
                    VPOS="869"
                    WIDTH="2193"
                    HEIGHT="81">
            <Shape><Polygon POINTS="482 932 482 950 2670 948 2672 926 2668 884 2599 869 2597 869 2595 869 2560 882 2560 884 2448 884 2445 882 2419 869 2417 869 2337 869 2335 869 2333 869 2331 869 2309 882 2307 884 2177 884 2175 882 2135 869 2133 869 2130 869 2128 869 2126 869 2104 882 2102 884 1928 886 1600 886 1585 882 1543 871 1541 871 1538 871 1479 880 1455 884 1364 880 1204 873 1201 873 1168 880 1149 884 1118 880 1069 873 1067 873 1065 873 1052 880 1043 884 1023 880 990 873 988 873 986 873 984 873 973 880 962 886 926 880 891 873 889 873 827 880 759 886 748 880 739 873 737 873 735 873 733 873 730 873 711 880 684 886 660 880 638 873 636 873 634 873 479 877 482 932"/></Shape>
	    <String CONTENT="Il dit, et répète, le Barbeau, en même temps que, une à une, il lance les"
                    HPOS="479"
                    VPOS="869"
                    WIDTH="2193"
                    HEIGHT="81"
                    WC="0.9987836704625712"></String>
          </TextLine>

          
          
          <TextLine ID="eSc_line_04a6ace9"
                    TAGREFS="LT4125"
                    BASELINE="372 1020 2291 1020" 
                    HPOS="372"
                    VPOS="963"
                    WIDTH="1919"
                    HEIGHT="75">
            <Shape><Polygon POINTS="372 979 372 1020 372 1038 2291 1038 2291 1020 2291 976 1836 963 1833 963 1736 974 1637 963 1635 963 1633 963 1631 963 1613 976 1510 976 1455 963 1452 963 1450 963 1424 974 1384 963 1382 963 1380 963 1378 963 1331 974 1257 963 1254 963 1091 974 1054 963 1052 963 1050 963 911 974 856 963 854 963 851 963 825 974 704 963 702 963 534 974 482 963 479 963 477 963 451 974 413 963 411 963 409 963 407 963 372 974 372 979"/></Shape>
	    <String CONTENT="chaises en l’air, les rattrape et les balance à la volée, concluant:"
                    HPOS="372"
                    VPOS="963"
                    WIDTH="1919"
                    HEIGHT="75"
                    WC="0.9882921585014888"></String>
          </TextLine>

          
          
          <TextLine ID="eSc_line_91519119"
                    TAGREFS="LT4125"
                    BASELINE="479 1141 1913 1137" 
                    HPOS="477"
                    VPOS="1080"
                    WIDTH="1436"
                    HEIGHT="88">
            <Shape><Polygon POINTS="479 1155 860 1168 862 1168 865 1168 900 1155 931 1155 1021 1155 1096 1168 1098 1168 1100 1168 1102 1168 1118 1155 1560 1166 1563 1166 1565 1166 1604 1152 1615 1161 1615 1163 1618 1163 1620 1163 1719 1166 1721 1166 1723 1166 1725 1166 1725 1163 1736 1155 1752 1163 1754 1163 1756 1163 1758 1166 1897 1166 1897 1163 1899 1163 1902 1163 1902 1161 1913 1150 1913 1137 1908 1097 1776 1097 1730 1080 1728 1080 1725 1080 1723 1080 1668 1095 1620 1080 1618 1080 1615 1080 1613 1080 1611 1080 1591 1095 1563 1080 1560 1080 1501 1080 1499 1080 1384 1095 1367 1082 1367 1080 1364 1080 1362 1080 1316 1080 1314 1080 1312 1080 1309 1080 1309 1082 1294 1097 1190 1097 1155 1082 1153 1082 1151 1082 1149 1082 1094 1097 1078 1084 1078 1082 1076 1082 1074 1082 1025 1082 1023 1082 1021 1082 1019 1082 1003 1095 937 1082 935 1082 933 1082 931 1082 931 1084 913 1097 810 1086 807 1086 631 1097 614 1084 614 1082 612 1082 609 1082 545 1082 543 1082 541 1082 539 1082 539 1084 521 1100 477 1100 479 1141"/></Shape>
	    <String CONTENT="— Et ce que je dis là, chose-là, moi je le p’ouve."
                    HPOS="477"
                    VPOS="1080"
                    WIDTH="1436"
                    HEIGHT="88"
                    WC="0.9955341747173896"></String>
          </TextLine>

          
          
          <TextLine ID="eSc_line_9465058e"
                    TAGREFS="LT4125"
                    BASELINE="479 1260 2676 1254" 
                    HPOS="477"
                    VPOS="1199"
                    WIDTH="2199"
                    HEIGHT="79">
            <Shape><Polygon POINTS="479 1260 479 1278 2674 1271 2676 1254 2672 1214 2351 1214 2320 1199 2318 1199 2186 1199 2183 1199 2181 1199 2148 1214 1910 1214 1866 1201 1864 1201 1862 1201 1860 1201 1858 1201 1836 1214 1807 1201 1805 1201 1802 1201 1578 1214 1552 1201 1549 1201 1362 1201 1360 1201 1190 1216 1054 1203 1052 1203 915 1216 889 1203 887 1203 884 1203 612 1214 501 1203 499 1203 497 1203 495 1203 477 1214 479 1260"/></Shape>
	    <String CONTENT="Quand tous les sièges ont rejoint le tas, Mariette se précipite avec une"
                    HPOS="477"
                    VPOS="1199"
                    WIDTH="2199"
                    HEIGHT="79"
                    WC="0.9938902250818304"></String>
          </TextLine>

          
          
          <TextLine ID="eSc_line_6be23b45"
                    TAGREFS="LT4125"
                    BASELINE="374 1350 2676 1344" 
                    HPOS="372"
                    VPOS="1289"
                    WIDTH="2304"
                    HEIGHT="79">
            <Shape><Polygon POINTS="374 1350 374 1368 2674 1361 2676 1344 2672 1304 2448 1304 2448 1302 2414 1289 2412 1289 2410 1289 2408 1289 2377 1302 2375 1302 2368 1302 2221 1289 2219 1289 2216 1289 2177 1302 2172 1302 2153 1302 1952 1289 1950 1289 1871 1300 1842 1306 1463 1306 1439 1300 1400 1291 1397 1291 1345 1300 1312 1304 1301 1300 1283 1291 1281 1291 1184 1291 1182 1291 1179 1291 1151 1300 1120 1306 1078 1298 1045 1293 957 1293 955 1293 953 1293 942 1298 924 1306 891 1298 871 1293 869 1293 867 1293 829 1298 766 1306 708 1298 678 1293 675 1293 673 1293 656 1298 620 1306 592 1298 581 1293 578 1293 576 1293 552 1298 510 1304 372 1298 374 1350"/></Shape>
	    <String CONTENT="brassée de paille sèche qu’elle dispose tout autour. Marguerite revient avec"
                    HPOS="372"
                    VPOS="1289"
                    WIDTH="2304"
                    HEIGHT="79"
                    WC="0.9959195584822924"></String>
          </TextLine>

          
          
          <TextLine ID="eSc_line_71893029"
                    TAGREFS="LT4125"
                    BASELINE="374 1441 2676 1436" 
                    HPOS="372"
                    VPOS="1381"
                    WIDTH="2304"
                    HEIGHT="77">
            <Shape><Polygon POINTS="374 1441 374 1458 2674 1454 2676 1436 2672 1394 2419 1381 2417 1381 2331 1392 2267 1381 2265 1381 2263 1381 2238 1394 2086 1394 2031 1381 2029 1381 2027 1381 1981 1392 1910 1381 1908 1381 1813 1392 1736 1381 1734 1381 1732 1381 1730 1381 1710 1392 1437 1383 1435 1383 1433 1383 1430 1383 1411 1397 1265 1397 1210 1383 1208 1383 1206 1383 1204 1383 1184 1397 951 1397 816 1383 814 1383 752 1397 372 1397 374 1441"/></Shape>
	    <String CONTENT="un jerrican rouillé, asperge le tout d’essence. Pour être la première, Mariette"
                    HPOS="372"
                    VPOS="1381"
                    WIDTH="2304"
                    HEIGHT="77"
                    WC="0.9951069413161859"></String>
          </TextLine>

          
          
          <TextLine ID="eSc_line_752fff6e"
                    TAGREFS="LT4125"
                    BASELINE="374 1531 2674 1531" 
                    HPOS="374"
                    VPOS="1482"
                    WIDTH="2300"
                    HEIGHT="66">
            <Shape><Polygon POINTS="374 1531 374 1548 2674 1548 2674 1531 2674 1487 374 1482 374 1531"/></Shape>
	    <String CONTENT="fonce vers la cuisine, revient avec un journal enflammé roulé en torche. Les"
                    HPOS="374"
                    VPOS="1482"
                    WIDTH="2300"
                    HEIGHT="66"
                    WC="0.9918579833629804"></String>
          </TextLine>

          
          
          <TextLine ID="eSc_line_14e51442"
                    TAGREFS="LT4125"
                    BASELINE="372 1619 2588 1619" 
                    HPOS="372"
                    VPOS="1577"
                    WIDTH="2216"
                    HEIGHT="59">
            <Shape><Polygon POINTS="372 1619 372 1636 2588 1636 2588 1619 2588 1577 372 1577 372 1619"/></Shape>
	    <String CONTENT="autres femmes se précipitent à leur tour sous le regard amusé des hommes."
                    HPOS="372"
                    VPOS="1577"
                    WIDTH="2216"
                    HEIGHT="59"
                    WC="0.989743532318818"></String>
          </TextLine>

          
          
          <TextLine ID="eSc_line_252ca8a1"
                    TAGREFS="LT4125"
                    BASELINE="482 1742 2672 1742" 
                    HPOS="482"
                    VPOS="1685"
                    WIDTH="2190"
                    HEIGHT="79">
            <Shape><Polygon POINTS="482 1742 482 1755 2670 1764 2672 1742 2672 1698 2234 1685 2232 1685 2126 1696 2025 1685 2023 1685 2020 1685 1974 1696 1924 1685 1921 1685 1840 1696 1743 1685 1741 1685 1604 1696 1547 1685 1545 1685 1543 1685 1541 1685 1521 1698 1221 1698 1166 1685 1164 1685 1162 1685 1160 1685 1140 1698 929 1698 854 1685 851 1685 849 1685 847 1685 829 1696 777 1685 774 1685 772 1685 770 1685 750 1698 554 1698 512 1685 510 1685 508 1685 506 1685 482 1696 482 1742"/></Shape>
	    <String CONTENT="A cause de l’essence, le monceau de meubles s’embrase d’un seul coup,"
                    HPOS="482"
                    VPOS="1685"
                    WIDTH="2190"
                    HEIGHT="79"
                    WC="0.9987715715947358"></String>
          </TextLine>

          
          
          <TextLine ID="eSc_line_d2265c7f"
                    TAGREFS="LT4125"
                    BASELINE="372 1830 2674 1823" 
                    HPOS="369"
                    VPOS="1771"
                    WIDTH="2305"
                    HEIGHT="77">
            <Shape><Polygon POINTS="372 1830 372 1848 2672 1845 2674 1823 2670 1784 2602 1771 2599 1771 2597 1771 2562 1782 2245 1771 2243 1771 2241 1771 2201 1782 2155 1771 2153 1771 2150 1771 2012 1782 1908 1771 1906 1771 1904 1771 1902 1771 1880 1784 1393 1773 1391 1773 1389 1773 1340 1784 667 1775 664 1775 662 1775 660 1775 640 1788 369 1788 372 1830"/></Shape>
	    <String CONTENT="avec une flamme qui peut se voir à des kilomètres à la ronde. La chaleur les"
                    HPOS="369"
                    VPOS="1771"
                    WIDTH="2305"
                    HEIGHT="77"
                    WC="0.9964131109322174"></String>
          </TextLine>

          
          
          <TextLine ID="eSc_line_53f959fe"
                    TAGREFS="LT4125"
                    BASELINE="372 1918 2676 1918" 
                    HPOS="372"
                    VPOS="1863"
                    WIDTH="2304"
                    HEIGHT="73">
            <Shape><Polygon POINTS="372 1918 372 1936 2676 1936 2676 1918 2676 1876 2606 1863 2604 1863 2489 1874 2489 1876 2278 1876 2276 1874 2258 1863 2256 1863 2254 1863 2252 1863 2249 1863 2208 1874 2208 1876 1818 1876 1818 1874 1789 1863 1787 1863 1785 1863 1783 1863 1745 1874 1743 1874 1741 1874 1681 1863 1679 1863 1596 1874 1589 1874 1582 1874 1472 1863 1470 1863 1468 1863 1428 1874 1424 1876 1276 1876 1274 1874 1252 1863 1250 1863 1248 1863 1246 1863 1206 1874 1201 1874 1197 1874 1142 1863 1140 1863 372 1872 372 1918"/></Shape>
	    <String CONTENT="fait reculer. Dans l’étable, les vaches effrayées se mettent à mugir. Elles"
                    HPOS="372"
                    VPOS="1863"
                    WIDTH="2304"
                    HEIGHT="73"
                    WC="0.9911587070196103"></String>
          </TextLine>

          
          
          <TextLine ID="eSc_line_66620208"
                    TAGREFS="LT4125"
                    BASELINE="374 2010 2674 2010" 
                    HPOS="374"
                    VPOS="1951"
                    WIDTH="2300"
                    HEIGHT="84">
            <Shape><Polygon POINTS="374 2010 374 2028 2672 2035 2674 2010 2674 1966 2454 1966 2452 1964 2425 1951 2423 1951 2421 1951 2359 1964 2353 1966 2225 1966 2221 1964 2197 1951 2194 1951 2113 1951 2111 1951 2108 1951 2084 1962 2080 1966 2007 1966 2001 1962 1979 1951 1976 1951 1974 1951 1886 1962 1860 1964 1851 1962 1824 1951 1822 1951 1820 1951 1758 1962 1734 1964 1710 1960 1653 1951 1651 1951 1604 1960 1582 1966 1397 1966 1386 1960 1369 1951 1367 1951 1364 1951 1314 1960 1279 1964 1265 1958 1250 1951 1248 1951 1160 1951 1157 1951 1155 1951 1140 1958 1127 1964 374 1955 374 2010"/></Shape>
	    <String CONTENT="beuglent longuement, considérablement, s’égosillent. Immobiles et silencieux,"
                    HPOS="374"
                    VPOS="1951"
                    WIDTH="2300"
                    HEIGHT="84"
                    WC="0.9920368617094015"></String>
          </TextLine>

          
          
          <TextLine ID="eSc_line_0c9e3904"
                    TAGREFS="LT4125"
                    BASELINE="374 2101 1910 2101" 
                    HPOS="374"
                    VPOS="2043"
                    WIDTH="1536"
                    HEIGHT="77">
            <Shape><Polygon POINTS="374 2101 374 2120 1910 2120 1910 2101 1910 2059 1710 2059 1644 2043 1642 2043 1640 2043 1582 2057 1503 2043 1501 2043 1499 2043 1455 2057 1406 2043 1404 2043 1402 2043 1400 2043 1356 2059 1045 2059 1030 2043 1028 2043 1025 2043 1023 2043 1021 2043 979 2054 968 2043 966 2043 964 2043 962 2043 959 2043 922 2059 697 2059 660 2043 658 2043 656 2043 653 2043 620 2057 592 2043 589 2043 504 2043 501 2043 438 2057 394 2043 391 2043 389 2043 387 2043 385 2043 374 2052 374 2101"/></Shape>
	    <String CONTENT="fascinés, hommes et femmes regardent les flammes."
                    HPOS="374"
                    VPOS="2043"
                    WIDTH="1536"
                    HEIGHT="77"
                    WC="0.9824384236335755"></String>
          </TextLine>

          
          
          <TextLine ID="eSc_line_9512b427"
                    TAGREFS="LT4125"
                    BASELINE="482 2219 2681 2219" 
                    HPOS="482"
                    VPOS="2164"
                    WIDTH="2199"
                    HEIGHT="75">
            <Shape><Polygon POINTS="482 2219 482 2239 2681 2239 2681 2219 2679 2164 2597 2178 2474 2178 2454 2164 2452 2164 2450 2164 2320 2164 2318 2164 2315 2164 2313 2164 2296 2175 2133 2164 2126 2164 2124 2164 2122 2164 2119 2164 2102 2175 2001 2164 1994 2164 1992 2164 1990 2164 1935 2175 1833 2164 1827 2164 1824 2164 1822 2164 1783 2175 1745 2164 1743 2164 1741 2164 1739 2164 1736 2164 1734 2164 1695 2178 1499 2178 1474 2164 1472 2164 1470 2164 1468 2164 1459 2164 1380 2175 482 2167 482 2219"/></Shape>
	    <String CONTENT="Rien d’autre ne se passera pour le moment. A quelque temps de là, quand"
                    HPOS="482"
                    VPOS="2164"
                    WIDTH="2199"
                    HEIGHT="75"
                    WC="0.9977000637186898"></String>
          </TextLine>

          
          
          <TextLine ID="eSc_line_c8b47656"
                    TAGREFS="LT4125"
                    BASELINE="374 2312 2674 2305" 
                    HPOS="372"
                    VPOS="2250"
                    WIDTH="2302"
                    HEIGHT="77">
            <Shape><Polygon POINTS="374 2312 374 2327 2672 2325 2674 2305 2670 2263 2344 2263 2344 2261 2320 2250 2318 2250 2315 2250 2313 2250 2280 2261 2252 2250 2249 2250 2247 2250 2078 2261 2062 2261 2058 2261 2018 2250 2016 2250 2014 2250 1965 2261 1961 2261 1957 2261 1915 2250 1913 2250 1910 2250 1908 2250 1906 2250 1891 2261 1884 2266 1750 2266 1743 2261 1725 2252 1723 2252 1721 2252 1719 2252 1688 2261 1673 2266 1523 2266 1514 2259 1503 2252 1501 2252 1499 2252 1496 2252 1433 2259 1402 2263 1393 2259 1378 2252 1375 2252 1230 2252 1228 2252 1173 2259 1127 2266 1098 2259 1078 2255 1076 2255 1074 2255 1014 2259 937 2266 878 2259 838 2255 836 2255 834 2255 818 2259 790 2266 372 2259 374 2312"/></Shape>
	    <String CONTENT="les bêtes auront cessé leurs diables de meuglantes, les bruits de la campagne"
                    HPOS="372"
                    VPOS="2250"
                    WIDTH="2302"
                    HEIGHT="77"
                    WC="0.9881833527661577"></String>
          </TextLine>

          
          
          <TextLine ID="eSc_line_49df40d9"
                    TAGREFS="LT4125"
                    BASELINE="369 2402 2672 2398" 
                    HPOS="367"
                    VPOS="2343"
                    WIDTH="2305"
                    HEIGHT="85">
            <Shape><Polygon POINTS="369 2402 369 2428 444 2417 948 2426 951 2426 1565 2413 2668 2424 2672 2398 2668 2354 2430 2343 2428 2343 2377 2354 2373 2354 2366 2354 2324 2343 2322 2343 2320 2343 2318 2343 2282 2354 2278 2356 2060 2356 2058 2354 2040 2343 2038 2343 2036 2343 2034 2343 1840 2354 1831 2354 1827 2354 1750 2343 1747 2343 1745 2343 1743 2343 1725 2354 1723 2356 1552 2356 1552 2354 1518 2343 1516 2343 1514 2343 1512 2343 1477 2356 1472 2356 1468 2356 1437 2345 1435 2345 1433 2345 1389 2356 1380 2356 1336 2356 1063 2345 1061 2345 1058 2345 1056 2345 1039 2356 1036 2358 906 2358 902 2356 847 2345 845 2345 843 2345 840 2345 823 2356 821 2358 689 2358 686 2356 669 2345 667 2345 664 2345 526 2345 523 2345 367 2356 369 2402"/></Shape>
	    <String CONTENT="prendront peu à peu leur voix de la nuit émergeant, en partie étouffés,"
                    HPOS="367"
                    VPOS="2343"
                    WIDTH="2305"
                    HEIGHT="85"
                    WC="0.9956534353892008"></String>
          </TextLine>

          
          
          <TextLine ID="eSc_line_af021b1f"
                    TAGREFS="LT4125"
                    BASELINE="372 2486 2679 2490" 
                    HPOS="369"
                    VPOS="2431"
                    WIDTH="2310"
                    HEIGHT="74">
            <Shape><Polygon POINTS="372 2486 369 2501 2674 2505 2679 2490 2679 2446 2646 2433 2643 2433 2641 2433 2584 2444 2566 2433 2564 2433 2562 2433 2560 2433 2408 2444 2384 2433 2381 2433 2379 2433 2324 2444 2265 2433 2263 2433 2159 2444 2155 2444 2153 2444 2042 2433 2040 2433 1965 2444 1961 2444 1954 2444 1884 2433 1882 2433 1800 2444 1791 2444 1783 2444 1692 2433 1690 2433 1618 2444 1609 2444 1604 2444 1576 2433 1574 2433 1571 2433 1569 2433 1532 2444 1525 2444 1518 2444 1470 2433 1468 2433 1098 2442 1078 2442 1056 2431 1054 2431 1052 2431 1050 2431 1008 2442 1006 2444 838 2444 836 2442 814 2431 812 2431 810 2431 741 2442 735 2442 730 2442 700 2431 697 2431 695 2431 693 2431 658 2442 653 2442 642 2442 548 2431 545 2431 372 2439 372 2486"/></Shape>
	    <String CONTENT="sourdant timidement des craquements de l’incendie. Alors, à la clarté de la"
                    HPOS="369"
                    VPOS="2431"
                    WIDTH="2310"
                    HEIGHT="74"
                    WC="0.9966243822853287"></String>
          </TextLine>

          
          
          <TextLine ID="eSc_line_a70d3838"
                    TAGREFS="LT4125"
                    BASELINE="372 2576 2406 2580" 
                    HPOS="369"
                    VPOS="2534"
                    WIDTH="2037"
                    HEIGHT="73">
            <Shape><Polygon POINTS="372 2576 369 2591 394 2604 396 2604 398 2604 940 2596 1389 2607 1391 2607 2403 2596 2406 2580 2403 2538 372 2534 372 2576"/></Shape>
	    <String CONTENT="colonne de feu devenue gigantesque, la beuverie pourra commencer."
                    HPOS="369"
                    VPOS="2534"
                    WIDTH="2037"
                    HEIGHT="73"
                    WC="0.9900835688297566"></String>
          </TextLine>

          
          
          <TextLine ID="eSc_line_709a37b7"
                    TAGREFS="LT4125"
                    BASELINE="482 2701 2676 2697" 
                    HPOS="479"
                    VPOS="2640"
                    WIDTH="2197"
                    HEIGHT="88">
            <Shape><Polygon POINTS="482 2701 482 2717 1576 2728 1578 2728 1646 2714 1657 2714 2208 2714 2212 2714 2267 2725 2269 2725 2674 2712 2676 2697 2674 2653 2632 2640 2630 2640 2628 2640 2551 2651 2456 2640 2454 2640 2452 2640 2419 2651 2329 2640 2326 2640 2216 2651 2175 2640 2172 2640 2170 2640 2168 2640 2137 2651 2029 2640 1902 2640 1899 2640 1897 2640 1895 2640 1877 2651 1875 2651 1802 2640 1800 2640 1613 2651 1569 2653 1527 2651 1397 2642 1395 2642 1393 2642 1362 2651 1351 2653 1323 2651 1239 2642 1237 2642 1173 2651 1149 2655 975 2655 968 2651 955 2642 953 2642 951 2642 948 2642 479 2648 482 2701"/></Shape>
	    <String CONTENT="Un mouton était entravé à quelques pas du feu. Saïd avait déjà préparé le"
                    HPOS="479"
                    VPOS="2640"
                    WIDTH="2197"
                    HEIGHT="88"
                    WC="0.9917822509636114"></String>
          </TextLine>

          
          
          <TextLine ID="eSc_line_9c1b0098"
                    TAGREFS="LT4125"
                    BASELINE="372 2785 2674 2789" 
                    HPOS="369"
                    VPOS="2732"
                    WIDTH="2305"
                    HEIGHT="81">
            <Shape><Polygon POINTS="372 2785 369 2802 2670 2813 2674 2789 2674 2747 2628 2734 2626 2734 2507 2734 2505 2734 2503 2734 2500 2734 2483 2745 2452 2734 2450 2734 2448 2734 1721 2745 1622 2745 1613 2745 1567 2734 1565 2734 1563 2734 1530 2745 1523 2745 1518 2745 1477 2732 1474 2732 1472 2732 1470 2732 1430 2743 1210 2732 1208 2732 1140 2743 1138 2743 1109 2732 1107 2732 1105 2732 1036 2743 1034 2743 1032 2743 995 2732 992 2732 990 2732 940 2743 935 2743 924 2743 781 2732 779 2732 719 2743 711 2743 697 2743 581 2732 578 2732 372 2741 372 2785"/></Shape>
	    <String CONTENT="trou où on allait mettre les braises. Au-dessus, un morceau de ferraille tordu,"
                    HPOS="369"
                    VPOS="2732"
                    WIDTH="2305"
                    HEIGHT="81"
                    WC="0.9988972008228302"></String>
          </TextLine>

          
          
          <TextLine ID="eSc_line_9e467e16"
                    TAGREFS="LT4125"
                    BASELINE="374 2879 2419 2879" 
                    HPOS="374"
                    VPOS="2824"
                    WIDTH="2045"
                    HEIGHT="75">
            <Shape><Polygon POINTS="374 2879 374 2899 2419 2899 2419 2879 2419 2838 2307 2838 2307 2835 2289 2824 2287 2824 2285 2824 2282 2824 2168 2835 2166 2835 2080 2824 2078 2824 2075 2824 2029 2835 2027 2835 1943 2824 1941 2824 1891 2835 1888 2835 1886 2835 1791 2824 1789 2824 1787 2824 1743 2835 1741 2838 1642 2838 1640 2835 1624 2824 1622 2824 1620 2824 1618 2824 1560 2835 1556 2835 1545 2835 1382 2824 1380 2824 1325 2835 1323 2835 1318 2835 1265 2824 1263 2824 1195 2835 1186 2838 825 2838 821 2835 788 2824 785 2824 783 2824 781 2824 739 2835 733 2835 722 2835 649 2824 647 2824 374 2833 374 2879"/></Shape>
	    <String CONTENT="formant broche avec manivelle, était posé sur deux fourches de bois."
                    HPOS="374"
                    VPOS="2824"
                    WIDTH="2045"
                    HEIGHT="75"
                    WC="0.9964948228427342"></String>
          </TextLine>

          
          
          <TextLine ID="eSc_line_12bdba7d"
                    TAGREFS="LT4125"
                    BASELINE="482 3000 2676 2996" 
                    HPOS="479"
                    VPOS="2939"
                    WIDTH="2197"
                    HEIGHT="79">
            <Shape><Polygon POINTS="482 3000 482 3018 2674 3014 2676 2996 2674 2954 2632 2939 2630 2939 2628 2939 2348 2952 2309 2939 2307 2939 2304 2939 2238 2952 2208 2939 2205 2939 2203 2939 2201 2939 2159 2950 2089 2939 2086 2939 2084 2939 2027 2952 1913 2939 1910 2939 1908 2939 1877 2952 1785 2939 1783 2939 1780 2939 1728 2952 1668 2939 1666 2939 1664 2939 1633 2952 1582 2939 1580 2939 1578 2939 1490 2954 1298 2941 1296 2941 1294 2941 1292 2941 1268 2956 1072 2956 1041 2941 1039 2941 946 2941 944 2941 942 2941 895 2954 869 2941 867 2941 865 2941 862 2941 816 2952 770 2941 768 2941 766 2941 763 2941 761 2941 737 2956 554 2956 517 2941 515 2941 512 2941 510 2941 479 2954 482 3000"/></Shape>
	    <String CONTENT="A cause de la chaleur que dégageait le feu, Mariette s’était mise nue. Elle"
                    HPOS="479"
                    VPOS="2939"
                    WIDTH="2197"
                    HEIGHT="79"
                    WC="0.9975877992518536"></String>
          </TextLine>

          
          
          <TextLine ID="eSc_line_84e47a14"
                    TAGREFS="LT4125"
                    BASELINE="372 3091 2676 3084" 
                    HPOS="369"
                    VPOS="3029"
                    WIDTH="2307"
                    HEIGHT="88">
            <Shape><Polygon POINTS="372 3091 372 3108 1248 3106 1265 3106 1367 3117 1369 3117 1371 3117 1391 3106 1395 3106 1670 3106 1681 3106 1866 3117 1869 3117 2674 3102 2676 3084 2674 3044 2630 3029 2628 3029 2551 3029 2549 3029 2547 3029 2518 3044 2238 3044 2192 3029 2190 3029 2188 3029 2186 3029 2135 3042 2086 3029 2084 3029 2082 3029 2080 3029 2051 3044 1904 3044 1510 3031 1507 3031 1505 3031 1459 3044 1411 3031 1408 3031 1406 3031 1404 3031 1402 3031 1378 3047 1201 3047 1146 3031 1144 3031 1142 3031 1028 3047 391 3033 389 3033 387 3033 385 3033 369 3042 372 3091"/></Shape>
	    <String CONTENT="tenait à la main un coutelas qui, à côté d’elle, paraissait gigantesque. Elle"
                    HPOS="369"
                    VPOS="3029"
                    WIDTH="2307"
                    HEIGHT="88"
                    WC="0.9918058617615405"></String>
          </TextLine>

          
          
          <TextLine ID="eSc_line_9ad7a6d4"
                    TAGREFS="LT4125"
                    BASELINE="372 3181 2679 3176" 
                    HPOS="369"
                    VPOS="3121"
                    WIDTH="2310"
                    HEIGHT="75">
            <Shape><Polygon POINTS="372 3181 372 3196 2676 3192 2679 3176 2676 3137 2639 3121 2637 3121 2635 3121 2632 3121 2588 3137 2102 3137 2051 3121 2049 3121 2047 3121 1985 3135 1818 3121 1816 3121 1706 3135 1684 3121 1681 3121 1679 3121 1596 3121 1593 3121 1591 3121 1565 3132 1437 3124 1435 3124 1307 3139 1166 3139 1146 3126 1144 3126 1142 3126 1140 3126 1138 3126 1096 3137 1054 3124 1052 3124 1050 3124 1047 3124 997 3139 882 3139 858 3124 856 3124 854 3124 671 3124 669 3124 667 3124 629 3137 607 3124 605 3124 603 3124 526 3124 523 3124 521 3124 477 3135 407 3124 405 3124 402 3124 369 3137 372 3181"/></Shape>
	    <String CONTENT="chantait. C’était un chant incompréhensible, mi-français, mi-auvergnat, de"
                    HPOS="369"
                    VPOS="3121"
                    WIDTH="2310"
                    HEIGHT="75"
                    WC="0.9962579398960262"></String>
          </TextLine>

          
          
          <TextLine ID="eSc_line_4fa2cb1d"
                    TAGREFS="LT4125"
                    BASELINE="372 3271 2681 3264" 
                    HPOS="369"
                    VPOS="3207"
                    WIDTH="2312"
                    HEIGHT="90">
            <Shape><Polygon POINTS="372 3271 372 3286 964 3286 1063 3297 1065 3297 1067 3297 1089 3286 1294 3295 1296 3295 1501 3284 1860 3295 1862 3295 1957 3282 1959 3282 1965 3282 2661 3293 2663 3293 2665 3293 2668 3293 2681 3282 2681 3264 2679 3223 2641 3207 2639 3207 2637 3207 2635 3207 2632 3207 2610 3220 2584 3207 2582 3207 2580 3207 2577 3207 2551 3223 2547 3225 2443 3225 2441 3223 2410 3207 2408 3207 2406 3207 2403 3207 2375 3223 2373 3225 2269 3225 2267 3223 2234 3207 2232 3207 2150 3207 2148 3207 2146 3207 2108 3223 2067 3207 2064 3207 2062 3207 2060 3207 2058 3207 2036 3220 2018 3212 2016 3212 2014 3212 1926 3223 1906 3227 1811 3227 1807 3223 1778 3209 1776 3209 1774 3209 1772 3209 1741 3223 1736 3225 1725 3223 1646 3209 1644 3209 1642 3209 1587 3225 1580 3225 1576 3225 1545 3209 1543 3209 1541 3209 1538 3209 1501 3225 1496 3225 1488 3225 1411 3209 1408 3209 1257 3225 1241 3225 1237 3225 1201 3209 1199 3209 1197 3209 1069 3225 1061 3225 1056 3225 1017 3212 1014 3212 1012 3212 911 3225 887 3229 785 3229 779 3225 755 3212 752 3212 750 3212 656 3225 638 3227 620 3225 534 3212 387 3212 385 3212 383 3212 380 3212 369 3218 372 3271"/></Shape>
	    <String CONTENT="frénésie et de mort. Il y était question de fête, de joie et de folie; cela parlait"
                    HPOS="369"
                    VPOS="3207"
                    WIDTH="2312"
                    HEIGHT="90"
                    WC="0.9885020386213543"></String>
          </TextLine>

          
          
          <TextLine ID="eSc_line_fa71094e"
                    TAGREFS="LT4125"
                    BASELINE="372 3361 2679 3355" 
                    HPOS="369"
                    VPOS="3302"
                    WIDTH="2310"
                    HEIGHT="143">
            <Shape><Polygon POINTS="372 3361 372 3445 664 3443 667 3443 678 3438 768 3385 843 3401 845 3401 847 3401 962 3370 990 3385 992 3385 995 3385 997 3385 1054 3372 1124 3385 1127 3385 1129 3385 1131 3385 1153 3370 1232 3383 1235 3383 1444 3381 1477 3394 1479 3394 1481 3394 1483 3394 1485 3394 1518 3374 1549 3385 1552 3385 1554 3385 1556 3385 1600 3372 1626 3385 1629 3385 1631 3385 1754 3374 1824 3385 1827 3385 1829 3385 1831 3385 1853 3372 1880 3385 1882 3385 1884 3385 2135 3381 2164 3396 2168 3399 2170 3399 2172 3399 2175 3399 2188 3396 2278 3370 2311 3385 2313 3385 2315 3385 2386 3374 2414 3390 2436 3401 2439 3401 2441 3401 2511 3388 2582 3372 2604 3383 2604 3385 2606 3385 2608 3385 2610 3385 2676 3381 2679 3355 2674 3317 2544 3302 2542 3302 2540 3302 2538 3302 2514 3317 2153 3317 2091 3302 2089 3302 2086 3302 2062 3313 1884 3306 1882 3306 1880 3306 1858 3317 1679 3304 1677 3304 1675 3304 1673 3304 1651 3317 1571 3306 1569 3306 1567 3306 1532 3319 1138 3319 1080 3306 1078 3306 1076 3306 1050 3317 1023 3306 1021 3306 1019 3306 946 3319 717 3306 715 3306 713 3306 662 3319 495 3306 493 3306 490 3306 457 3319 391 3306 389 3306 387 3306 385 3306 369 3315 372 3361"/></Shape>
	    <String CONTENT="de danse, d&#x27;orgies, et de massacres, et cela se terminait par un appel au"
                    HPOS="369"
                    VPOS="3302"
                    WIDTH="2310"
                    HEIGHT="143"></String>
          </TextLine>

          
          
          <TextLine ID="eSc_line_78ef97be"
                    TAGREFS="LT4125"
                    BASELINE="369 3449 636 3449" 
                    HPOS="369"
                    VPOS="3399"
                    WIDTH="267"
                    HEIGHT="72">
            <Shape><Polygon POINTS="369 3449 369 3471 636 3471 636 3449 636 3412 534 3399 532 3399 369 3410 369 3449"/></Shape>
	    <String CONTENT="meurtre."
                    HPOS="369"
                    VPOS="3399"
                    WIDTH="267"
                    HEIGHT="72"
                    WC="0.9986341819167137"></String>
          </TextLine>

          
        </TextBlock>
        

        
      </PrintSpace>
    </Page>
  </Layout>
</alto>
