3060 3960
369 455 2307 73 dont l’un porte la croix, Ramos crache par terre. En même temps, comme

475 365 2201 72 Quand le curé passe, encadré de trois enfants de chœur pauvrement ornés

369 543 1632 86 pour la protéger, il prend sa chatte noire dans les bras.

477 660 2195 83 L'enterrement s’étire. Précédée du Tonton et suivie de quelques galopins,

372 754 2307 73 la négresse passe, fermant le cortège. Le Barbeau la lorgne en lissant sa

372 844 2304 75 moustache. La négresse relève la tête et passe, hautaine, comme si elle ne

372 932 847 84 l’avait pas vu, ce nègre- là.

484 1051 2195 88 Saïd hausse les épaules, se détourne et regagne sa place à table. Le

367 1141 2312 75 convoi s’éloigne vers le cimetière. Chtouki tape sur la table avec son verre

367 1229 2309 91 pour attirer l’attention de la grosse fille qui, sur le pas de la porte, à moitié

372 1324 2304 84 dissimulée derrière le rideau de perles, bouche ouverte, regarde

374 1414 770 75 l’enterrement disparaître.

479 1529 1086 88 — On peut becqueter ? demande-t-il.

482 1652 1593 77 La grosse fille hochç là tête et rentre précipitamment.

482 1771 911 77 Il est maintenant plus de midi.

479 1889 2197 80 Les étrangers, attablés, jambes étendues, se sont gavés de saucisson, de

367 1980 2309 90 jambon et de fromage. Les chopines de vin vides s’accumulent à l’extrémité

372 2072 2307 75 de la table, et ils continuent à boire. Sur le parapet qui borde d’un côté la

372 2164 2304 73 tonnelle, au-dessus du gouffre, la chatte de Ramos poursuit une trajectoire

374 2252 1741 75 vacillante. Elle est à peu près aussi saoule que son maître.

477 2371 2202 75 Ramos replie son long couteau à manche de corne. Dissimulée derrière

372 2464 2304 74 le rideau de perles, la grosse fille observe ses clients avec inquiétude. Le

372 2547 488 77 Barbeau s’étire.

482 2670 1329 86 — Alors, qu’est-ce qu’on fait? demande-t-il.

482 2787 1376 88 — On attend, répond Saïd d’une voix paisible.

482 2910 1629 88 — On va recevoir l’orage sur la gueule, dit le Barbeau.

482 3033 458 80 — On rentrera.

479 3152 1775 77 Ramos finit au goulot ce qui reste dans la dernière chopine.

482 3267 966 90 — Tant qu’on a à boire... fait-il.

488 3388 2188 90 — Et à manger, ajoute Chtouki. Par le fait tant qu’on a à boire et à

374 3489 299 81 manger...
