3060 3960
369 360 2310 77 Grand bien leur fasse, se dit-il. Un gendarme qui était aller pisser derrière

369 453 2312 77 l’église revient, se rebra¬guettant, puis remontant et bouclant son ceinturon

369 539 1123 88 d’un geste viril. Il crie à un collègue:

493 660 2188 85 — Y a d' sacrés p’tits baigneurs dans c' pa¬t’iin... Tout d’même râlant

369 748 491 85 d’êt' de service.

477 869 2199 88 Le collègue regarde le clocher de l’église puis sa montre. Il est seize

369 963 2305 73 heures. Le bal est commencé depuis une heure, et depuis une heure ils

369 1051 2090 84 entendent rivaliser de tapage accordéon, guitare électrique et batterie.

486 1172 2193 84 — T’as l' temps, braille-t-il pour dominer le raffut. Tu vas voir qu’on va

369 1265 2303 81 rester ici c' soir. Comme ça d’service, on l’ sera jusqu’au matin... Alors,

372 1353 728 85 avec l’ boucan qu’y a...

482 1469 1420 77 Le pisseur se dirige vers le lieutenant Fournier.

482 1588 2197 92 — Mon Lieutenant, j' viens d’derrière l’église. Y a d’grands arbres, on

369 1683 1028 83 pourrait mettre les cars à l’ombre.

482 1799 959 77 — Okay, faites, dit le lieutenant.

484 1925 2195 74 Se détournant, le gendarme manque buter dans un grand chien corniaud

372 2013 904 74 tout pelé. Il rattrape l’officier.

482 2129 1527 88 — Au fait, mon Lieutenant, j’ai interrogé l' crétin...

479 2252 1817 77 Un silence. Le gendarme jette au chien un regard en coulisse.

479 2367 1370 90 — Eh bien, qu’est-ce qu’il y a Guérin? Parlez.

479 2492 1286 84 — C’est idiot, 'scusez-moi, mon Lieutenant.

482 2609 277 86 — Dites.

482 2732 2201 75 — C’est trop... 'scusez-moi. Bon. Enfin, ’y avait les gamins qui rigolaient

369 2822 2307 84 et poussaient l' crétin. L’a dit comme ça qu’i' pourrait nous aider, rapport à

374 2912 1111 75 son chien qu’était un chien policier...

482 3029 504 79 Il se tait, pouffe.

479 3150 320 84 — Alors ?

479 3269 1733 81 Le gendarme désigne une partie de l’anatomie de l’animal.

495 3392 2170 86 —... un chien policier, dit-il en se forçant au calme, vu qu’il avait l'

369 3484 714 71 revolver sous l’ ventre.
