3060 3960
372 363 2300 72 véhicule porte encore les traces d’une ancienne installation de gazogène.

372 459 2309 66 Sous le regard d’un troisième, deux hommes en salopette crasseuse sont

369 541 2307 86 occupés à en extraire les derniers bastaings. Ils les transportent sur

372 638 2304 70 l’esplanade où commence à s’élever la charpente du bal. L’écriteau est déjà

369 721 1447 77 en place. Ce dimanche, matinée à quinze heures.

484 842 2197 75 L’abbé Charvaysse paraît sous le porche. Il porte encore son surplis. Un

369 930 2312 88 paysan vient lui serrer la main. L’abbé, un grand gaillard rougeaud aux

369 1023 2310 74 épaules larges, est le genre de curé à ne pas craindre la bagarre. C’est la

372 1111 2304 88 première fois qu’on lui voit en public un air gêné et ennuyé. Il a en face de lui

372 1216 2309 62 une espèce de gringalet dans un complet noir étriqué, les mains dans le gilet

374 1295 2302 73 barré d’une chaîne en or, et il ose à peine regarder en face ce maigrichon qui

369 1381 2307 77 a le front de fixer obstinément sous la soutane trop courte ses souliers éculés

372 1474 2309 72 et le bas de son pantalon militaire fatigué, au revers encroûté de boue. Un

372 1564 2309 75 autre jour, tiens, il te lui aurait fait peur, empoigné par le fond des brayes, ou

369 1652 2312 75 même calotté comme un gamin; mais aujourd’hui, voilà qu’il te l’écoute tout

374 1744 687 75 intimidé, ce maigrelet.

486 1861 2195 77 — Ah, pauvre !... Voilà comme ça fait arriver des malheurs... Ils ont fait

372 1953 852 75 cette nuit un beau sabbat!...

486 2070 2188 88 — Que voulez-vous, répond l’abbé, j’ai fait ce que j’ai pu, mais allez lui

372 2164 704 73 faire entendre raison...

477 2281 2202 77 A l’écouter parler, on pourrait croire qu’il est coupable. Il regarde cette

369 2376 2310 70 colonne de fumée noire comme si c’est par sa faute, sa très grande faute

369 2459 2312 79 qu’elle s’élève dans le ciel. La seule faute du malheureux traîne-dieu, son

367 2552 2307 85 erreur, est de ne pas rompre le charme qui le cloue ici où, après le chétif,

372 2644 2007 73 quelques autres escogriffes risquent fort de venir lui tenir la jambe.

484 2763 2190 81 Deux enfants de chœur sortent de l’église, l’un portant un électrophone,

369 2851 2307 77 l’autre, dans un filet, des disques religieux. Ils se plantent devant le prêtre

369 2941 2307 77 qui, d’un imperceptible haussement de sourcils, leur désigne sa 2 CV garée

369 3029 2305 84 devant l’épicerie- buvette, tout près de l’endroit où officie le barbier. Les

372 3121 2300 86 garçons y déposent les objets dont ils ont la charge et retournent à l’église,

367 3225 2309 61 croisant la gouvernante du curé qui survient avec un sac de voyage. Le prêtre

372 3300 2309 88 la suit des yeux, qui va le ranger à l’arrière de l’automobile. Quand elle s’est

372 3407 2302 62 assise à l’avant avec les grimaces de quelqu’un qui se prépare à une longue

372 3484 1538 75 attente, le regard de l’abbé revient vers le gringalet.
