3060 3960
479 360 2195 80 Il y eut un silence. D’un coup de hanche, le Barbeau se fit rouler dans le

369 453 2307 86 crin. Il attrapa son pantalon, piqua dans une poche son étui à cigarettes. Il

372 541 2098 79 sortit une Gitane, l’alluma, se souvint de la femme, lui tendit le paquet.

482 662 552 81 — T’en veux une?

479 778 2021 77 Marguerite secoua la tête. Le Barbeau exhala une bouffée de fumée.

488 908 2186 88 — Tu penses bien quand même qu’un jour i' va revenir... Après tout, ici

369 996 423 77 c’est chez lui.

484 1122 403 81 — C’est vrai.

490 1240 714 86 — T’y avais pas pensé?

482 1359 2192 77 Marguerite hocha la tête. Elle se redressa, croisant les bras autour de ses

372 1447 255 84 jambes.

479 1568 1960 77 — Maintenant, dit-elle prudemment, j' crois bien qu’il filera doux.

477 1687 2197 84 Le Barbeau s’assit à côté d’elle. Il posa la main sur le sein de Marguerite,

369 1777 2312 86 puis se laissa aller en arrière. Elle vint se pencher sur lui, effleurant de son

372 1870 2304 74 sein le visage de l’homme. La grange était toujours silencieuse. Une abeille

372 1964 988 73 passa près d’eux en vrombissant.

479 2079 1823 83 — On s' met pas à filer doux comme ça du jour au lendemain.

477 2197 2202 77 Ils se regardèrent. Ils se mirent à rire parce qu’ils étaient dépeignés. Cela

374 2292 2302 73 faisait sur la tête du Nègre de curieux toupets laineux mêlés de crin. Ils se

369 2380 2307 86 passèrent mutuellement les mains dans leur chevelure pour en accentuer le

369 2468 888 75 désordre. Leur rire redoubla.

479 2598 2200 64 Demeurée seule à la cuisine avec Ramos, Mariette l’avait aidé à

367 2677 2314 77 remonter de la cave une petite barrique. Le buveur l’installa sur un bahut haut

372 2774 2304 70 et sombre qui lui parut suffisamment robuste et resta un moment à la

372 2864 374 73 contempler.

482 2976 614 88 — C’est beau, hein?

482 3102 849 72 Il se retourna vers Mariette.

482 3207 1816 93 — C’est une chose drôlement belle, drôlement bien trouvée...

479 3339 1110 79 Il caressait les cerceaux métalliques.

490 3465 465 72 — ... les fers...
