3060 3960
372 363 2302 77 un frein à son ardeur répressive, insiste sur le fait qu’il n’y a ni tentative, ni

369 453 2310 72 risque d’émeute. Ce militaire lui dit sèchement qu’il n’a pas d’ordres à

367 541 2309 75 recevoir d’un civil. Renvoyé au commandant, le député lui expose les

369 631 2312 77 doléances des paysans et lui rappelle les consignes de discrétion qu’ils ont

367 723 2309 80 reçues en haut lieu. Le commandant donne des instructions au lieutenant et,

369 811 1812 88 pour calmer les esprits, le député offre une tournée générale.

484 930 2197 77 La cohorte noire brillante des villageois pénètre dans le café; elle fait

369 1023 2305 77 songer à un étrange enterrement. Au moment où le député entre à son tour

369 1111 1447 88 accompagné des officiers, l’aubergiste l’appelle.

482 1234 1180 83 — Vous avez Lyon, monsieur le Député.

479 1350 2197 77 Le député regarde le commandant. Pour dominer le brouhaha et obtenir le

374 1443 1840 75 silence, le député frappe de sa main à plat le coin d’une table.

497 1559 2173 86 — Messieurs... Je voudrais un peu de silence, s’il vous plaît...

372 1652 2304 72 Messieurs! Je voudrais tout d’abord m’excuser... J’attendais un coup de

369 1740 2305 79 téléphone très important. Monsieur Boyer vient de m’avertir que j’ai la ligne.

372 1830 2304 77 Si vous le voulez bien, je vous prierai d’évacuer la salle du café quelques

372 1925 2304 74 instants. Je vous offre en attendant une autre tournée sous la tonnelle. Encore

369 2015 1004 77 une fois excusez-moi. Et merci.

482 2129 2192 79 Les paysans refluent vers la terrasse. L’aubergiste ferme la marche, les

372 2224 2311 79 bras chargés de bouteilles. Quand ils sont tous sortis, le commandant

369 2310 2312 77 congédie le lieutenant d’un geste. Resté seul avec lui, le député s’empare du

369 2402 295 73 combiné.

484 2521 2192 86 — Emile Jourde à l’appareil. Mes hommages, madame. Merci d’avoir

369 2611 273 92 rappelé.

482 2732 2170 75 Un temps. Il fait au commandant qui le dévisage un signe de tête entendu.

484 2853 2190 84 — Non, madame, je suis désolé, nous n’avons rien pu faire. Je vous

372 2941 838 86 présente mes condoléances.

482 3060 303 75 Il écoute.

484 3179 2186 88 — Bien sûr, répond-il. Nous avons immédiatement fait le nécessaire.

383 3275 1453 73 Vous pouvez être assurée que rien ne transpirera.

482 3392 1404 75 De nouveau, il écoute, regarde le commandant.

486 3515 2186 84 — Non, je préfère vous en parler de vive voix. Vous comprenez pourquoi.
