3060 3960
479 363 2197 74 Agacé par ce qu’il voit et entend, le député se retourne d’un bloc vers le

372 457 411 73 commandant.

479 574 2195 81 — Interrogez les gens. Qu’est-ce qu’ils croient qu’on est venu faire ici,

369 662 2307 86 hein? Et pourquoi croient-ils qu’on reste, maintenant qu’on a déblayé

374 754 971 73 l’avion?... Non, mais dites-moi.

479 869 2169 81 Le commandant hausse les épaules. Le député poursuit, le visage animé:

482 994 2192 73 — Ils croient que nous sommes venus rétablir l’ordre, mon Commandant.

372 1082 1239 88 L'ordre, voilà ce qu’ils s’imaginent que...

477 1203 2199 75 Le commandant demeure silencieux. Il regarde dehors les gros cars qui

372 1293 2304 75 démarrent et se dirigent lentement, en cahotant sur le sol inégal, derrière

374 1377 255 92 l’église.

479 1498 2202 88 — Quel ordre, monsieur le Député? finit-il par dire. Ces femmes sont

367 1590 2314 86 parfaitement libres de leurs actes. Le concubinage n’est pas interdit en

369 1683 773 74 démocratie, que je sache.

479 1799 2200 79 — Mais le détournement de mineures, si. La santé morale du pays, mon

367 1892 1715 74 Commandant, la santé morale du pays, qu’en faites-vous?

479 2013 1216 74 Le commandant sourit et dit doucement:

484 2134 2190 72 — N’est-ce pas ce dont nous nous occupons, monsieur le Député? N’est-

369 2226 2312 81 ce pas ce pourquoi nous sommes venus ici justement?... Pour éviter qu’un

374 2314 356 73 scandale...

484 2446 2190 62 — Ne prononcez pas ce mot. Nous sommes venus ici protéger des secrets

369 2519 353 77 nucléaires.

482 2640 2194 83 — Oui, et faisons aussi en sorte d’éviter qu’un scandale rejaillisse sur des

369 2732 2307 84 personnalités officielles, termine calmement le commandant. Monsieur le

374 2822 2302 84 Député, j’appelle un chat: un chat. Il faut voir les choses en face. Nous

372 2912 2307 77 étouffons les frasques de M. Bafuleuse, nous n’avons pas à les mêler à... aux

367 3003 742 83 copulations bougnoules.

482 3124 1789 72 — Nous sommes quand même dans une foutue contradiction.

477 3242 2197 80 — Excusez-moi, ce sont les vôtres, monsieur le Député. Je suis un soldat,

367 3330 2307 91 je n’ai pas à me poser ces questions... Mais n’oubliez pas qu’en cas de

374 3438 1941 62 schprounz, une affaire de mœurs, ça peut toujours servir de repli.
