3060 3960
372 451 383 74 lui fait face.

479 363 2200 79 Un domestique en livrée vient à la rencontre des arrivants. Le Barbeau

479 569 995 86 — On voudrait passer la nuit ici.,

479 690 623 84 — Mais Monsieur...

482 809 823 86 — C’est bien un hôtel, oui?

479 930 2202 77 Le Barbeau s’approche du larbin. Il est tout contre lui. D’un geste discret

367 1020 2312 77 que le domestique peut croire être le seul à voir, il exhibe la liasse que lui a

372 1113 2311 81 passée Chtouki, en tire deux qu’il lui fourre dans la main. Le larbin ne dit

369 1201 2312 88 plus rien, ses paupières se baissent en signe de reconnaissance : les voies du

376 1289 788 86 vice sont impénétrables...

486 1412 2195 77 — Montrez-nous nos chambres s’il vous plaît, fait le Barbeau d’un ton

374 1511 154 73 sec.

473 1621 2206 75 On leur montre une suite de quatre pièces commnicantes, chacune

372 1713 2307 75 luxueusement meublée dans un style différent. Pour gagner du temps et éviter

372 1806 2304 72 de donner en spectacle au cours d’un souper fin les Auvergnates aux prises

369 1889 2312 80 avec leurs couverts, le Barbeau demande qu’on les serve dans un cabinet

367 1982 2314 86 particulier attenant. Il compose lui-même le menu: dodine de caneton aux

367 2072 2312 77 noisettes, gratin de queues d’écrevisse, poularde au champagne, morilles à la

372 2167 887 72 crème, omelette norvégienne.

488 2279 2191 86 — Voilà! fait le Barbeau une fois que le serviteur est parti avec la

372 2371 2300 86 commande. Pas plus difficile que ça. Y a qu’à leur faire renifler la monnaie,

374 2464 1074 74 les larbins, ça demande qu’à croire.

482 2582 1875 75 — On suppose que tu sais c' que tu fais, dit calmement Chtouki.

482 2699 1745 88 — J' sais c' que j' fais, répond le Barbeau tout aussi calme.

479 2822 2006 79 Il y a un silence, puis il ajoute en regardant Chtouki avec intention:

482 2941 1378 84 — C’est bien mon tour d’tenir l’ manche, non?

479 3060 1676 83 — Quais, répond Chtouki. C’est à toi d’jouer maintenant.

475 3179 2199 79 Il s’est laissé tomber sur un sofa et regarde dans l’enfilade des pièces les

374 3273 2300 77 filles qui se chahutent et se poursuivent, sautant sur les lits, se jetant les

369 3363 855 77 coussins, inventant des jeux.
