3060 3960
482 360 2194 88 La grosse fille bouge un peu; on a l’impression qu’elle se lève. Elle

374 455 444 73 secoue la tête.

479 567 549 75 — Nhin... Nhin...

482 688 739 86 Saïd hausse les épaules.

482 811 1312 86 — Bon, alors quatre marcs, et quatre bières.

482 935 891 83 — Et un picon, ajoute Ramos.

484 1051 2192 84 — On retourne dehors, dit le Barbeau qui se sent mal à l’aise dans le

369 1139 212 84 décor.

479 1262 2200 75 Ramos reprend sa chatte. Ils sortent. Derrière eux la grosse fille sort de

369 1350 2307 77 la cheminée et fait dans leur dos des signes étranges qu’elle accompagne de

369 1443 2235 77 murmures inaudibles, une manière de se protéger contre les jeteurs de sort.

477 1562 2199 74 Les quatre hommes se glissent sous la tonnelle autour de la table de bois

369 1647 2312 88 grossière. Ramos garde la chatte sur les genoux. Chtouki fait circuler un

367 1738 2314 88 paquet de Gauloises chiffonné. Le Barbeau leur préfère une Craven tirée d’un

369 1830 2305 92 étui de matière plastique imitant l’écaille. La grosse fille vient les servir.

372 1922 1681 86 Ramos remarque qu’elle paraît épouvantée par sa chatte.

479 2039 874 88 — Tu as peur? demande-t-il.

479 2153 555 93 — Nhin... Nhin...

479 2279 2197 79 Mais, tant elle s’efforce de ne pas le regarder, les yeux de la grosse fille

369 2376 1039 72 reviennent sans cesse sur l’animal.

482 2490 2194 84 — L'est pas méchante par le fait (Ramos fait un clin d’œil à Chtouki,

367 2582 2314 77 histoire de le provoquer un peu au passage avec sa formule favorite), hein

369 2675 526 70 ma Moumousse?

479 2791 2202 75 Les yeux mi-clos, la chatte se blottit dans ses bras. Ramos la caresse en

367 2879 2309 86 regardant Chtouki, puis les autres, et, revenant à Chtouki, il lui fait une

372 2972 1697 83 grimace. Celui-ci hausse les épaules. Les autres rigolent.

486 3086 1272 93 — J' vois pas c' qu’y a d’drôle, dit Chtouki.

484 3212 1270 85 — Rien par le fait. Pas vrai, Moumousse?

482 3326 697 90 — Ecrase, fait Chtouki.
