3060 3960
369 369 2307 71 il ne peut reconnaître les visages. Du moins pas avec certitude. Il se redresse

372 453 1483 75 un peu et, d’un air de défi, avale une autre gorgée.

477 569 2197 80 Le sourire discret de Saïd s’élargit. Ses larges épaules se voûtent un peu.

372 671 2307 66 Son regard fixe un point entre la table et le vieux. Lentement, il commence à

369 752 2303 86 reculer, gagne une zone d’ombre, continue de progresser à l’insu de Mistigri,

374 840 757 84 va se placer derrière lui.

482 961 1657 75 — Mais dis donc, t’es encore là ! s’exclame Marguerite.

479 1080 2197 77 Le son de la voix bien connue fait redresser la tête au patriarche. On le

369 1170 2312 77 sent soudain raidi. Il fait un grand effort d’attention. Ses yeux se plissent

369 1262 2314 88 jusqu’à ce que le rouge ait disparu, se plissent encore jusqu’à ce qu’il n’y ait

369 1350 2310 88 plus qu’une fente grise scrutant le visage qui lui fait face à contre — jour. Sa

372 1445 2304 79 main, comme une bête molle, glisse sur la table, tombe sur ses genoux,

369 1531 912 83 poursuit son chemin tâtonnant.

484 1652 2197 83 — Votre femme, elle y va quand même fort! Vous êtes pourtant ici chez

374 1753 2307 62 vous, dit le Barbeau de sa voix à la fois faussement étonnée, faussement

369 1830 293 88 choquée.

486 1951 2193 79 — Y a pas, commente Chtouki, c’est sûr qu’elle y va quand même un peu

372 2039 475 88 fort, par le fait.

477 2160 2138 84 — Faudrait p’tête voir à arrêter les outrances, dit gravement le Barbeau.

482 2283 1153 84 — Les outrances? Quelles outrances ?

477 2402 2197 75 C’est la voix de Ramos. Le vieux le cherche du regard dans la pénombre.

369 2490 2312 86 La bouteille que le métis portugais tient à la main accroche la lumière du

367 2578 2309 92 jour. Un bref reflet qui tranquillise le vieux. Il ne se rend pas compte de la

369 2670 1973 88 présence de Saïd derrière lui. Son regard revient vers Marguerite.

484 2789 594 86 — Alors ? fait-elle.

488 2910 1231 79 Tous les yeux sont fixés sur le patriarche.

484 3033 997 84 — Alors, qu’est-ce que t’attends?

479 3152 2193 82 Lentement Mistigri commence à réaliser. C’est sa femme qui est là,

369 3245 2305 72 devant lui, sa femme en chair et en os, qui lui demande de foutre le camp, ni

369 3330 2307 88 plus ni moins. Putain, grogne-t-il en lui-même. Pétasse... Puis il réfléchit,

374 3421 2302 85 vide son verre jusqu’à la dernière goutte. Sacrée Marguerite tout de

369 3511 2305 79 même!... Il a l’air de rigoler. La tête penchée, la lèvre à peine mordue, il se
