3060 3960
482 360 2194 77 Un peu effrayée, Nane ne dit rien. Elle sent qu’elle a la gorge sèche. Le

372 455 2304 70 balancement de l’homme s’accentue. Nane ne se contrôle plus. Pour se

369 543 2310 75 rassurer, brusquement elle se précipite, se jette dans ses bras, s’accroche à

369 631 2307 77 lui. Chtouki la retient, comme pour l’empêcher de tomber. Elle se presse

367 719 916 77 contre lui. Elle s’abandonne...

482 842 2194 88 Dans la grange, il y a une sorte de demirétage qui forme loggia. Une

372 932 2307 77 échelle de meunier y conduit. L’endroit sert de grenier. Au milieu d’un

369 1020 2307 77 amoncellement d’objets hétéroclites, se trouvent empilés quelques matelas

372 1113 2304 75 éventrés. La Marguerite et le Barbeau y sont allongés dans un nid de crin, de

372 1203 2302 81 bourre et de laine. Le corps noir du Barbeau se détache sur la paroi chaulée,

374 1293 2155 75 le corps blanc de la Marguerite se détache sur le corps noir du Barbeau.

482 1419 2197 68 Le Barbeau se redressa. Il avait les traits fatigués. Il resta un instant à

374 1504 2302 82 genoux devant la Marguerite allongée. Il admira son bassin un peu large, sa

369 1595 1632 81 poitrine un peu forte que la position déformait à peine.

482 1709 2194 88 — Dieu que c’était bon, dit la Marguerite. J' voudrais bien qu' tu m' le

369 1806 502 70 refasses encore.

479 1918 2193 81 Le Barbeau se pencha et embrassa la Marguerite à la naissance du cou.

374 2013 1829 77 Elle lui murmura quelque chose à l’oreille. Il eut un petit rire.

482 2129 783 84 — I' t' faut encore du rab!

479 2250 1878 82 Le Barbeau s’écarta. Il était toujours à genoux au-dessus d’elle.

479 2369 588 84 — Et tout de suite?

479 2488 2200 83 La Marguerite hocha vigoureusement la tête de haut en bas. Le Barbeau

372 2585 898 81 posa son index sur ses lèvres.

479 2695 430 90 — Chut, fit-il.

479 2820 2195 77 Puis, très doucement, il dessina avec son doigt le visage de la femme

374 2912 1952 77 tendu vers lui. Il la regardait dans les yeux. Elle manqua défaillir.

477 3027 696 88 — Oui, oui, râla-t-elle.

484 3154 304 82 — Chut...

479 3271 2197 77 Lentement, il vint au-dessus d’elle. Il se maintint un moment en appui sur

372 3361 2304 77 ses bras et ses épaules, puis il fléchit les coudes et descendit doucement sur

372 3454 2304 77 elle. Les peaux se touchèrent; le poids de l’homme pesa sur la femme. Il se
