3060 3960
484 360 2190 93 — Faut faire confiance au Nègre, Chtouki. C’est le jeu. Trop tard pour

372 451 1591 77 reprendre ses billes. Le Nègre est roi. Vive le Nègre.

479 569 2193 88 — Merci Ramos, dit le Barbeau. Oui, j' suis roi et aujourd’hui, j' sens qu'

372 662 660 75 c’est ma bonne étoile.

482 783 2199 72 Il sourit, étrangement calme, et contemple les filles qui se sont

367 871 2309 83 embarquées dans un vaste bouleversement de l’espace, déplaçant meubles,

369 961 2312 79 bibelots, coussins, tentures, mélangeant les styles et les époques, créant un

369 1053 799 82 rêve à leur royale mesure.

477 1172 1209 84 Ce soir-là, au casino, le Barbeau gagna.

477 1293 2204 75 On revint en chahutant par les rues endormies, démolissant les panneaux

372 1383 2309 75 de sens interdit, déplaçant les poteaux indicateurs de direction. Riant et

369 1476 2310 83 parlant fort, on parvint à un bistrot encore ouvert. On y but le champagne

372 1564 2307 72 tandis que Ramos y draguait une putain. Cela déclencha une bagarre. Le

374 1654 2309 73 Barbeau sut l’interrompre avant qu’elle n’entraînât trop loin, et on battit en

367 1740 2309 79 retraite. On s’en fut retrouver l’automobile, emmenant la fille. On se tassa

372 1832 1074 75 dans la 402 et rentra à l’hostellerie.

482 1953 2192 82 Personne n’avait dit mot. Le silence persista jusqu’au moment où la dame,

367 2041 2309 75 demeurée seule avec Ramos, ouvrit la bouche. De l’autre côté de la porte

369 2129 2310 79 entrebâillée, Mariette entendit. Elle pénétra dans la pièce comme une furie

372 2224 2302 75 au moment où la dame fourrait dans son sac les billets que venait de lui

372 2316 512 73 remettre Ramos.

484 2431 1068 74 — Va-t’en, dit brutalement Mariette.

479 2552 2202 77 Ramos regarda Mariette interloqué, tandis que la femme protégeait son

372 2640 2309 79 sac. Mariette restait plantée au milieu de la chambre, se balançant

376 2732 370 77 légèrement.

482 2853 830 84 — Garde l’argent et va-t’en.

479 2981 2202 72 Ramos fit un pas en avant. Mariette pivota sur elle-même. Elle pointait

374 3064 1979 75 un couteau à cran d’arrêt, celui même de Ramos, dans sa direction.

484 3183 552 86 — Toi, bouge pas.

477 3300 2197 88 Ramos s’immobilisa. Il aurait pu tenter de lui arracher l’arme, mais

372 3390 1180 83 l’affaire l’amusait. Il préféra voir venir.

482 3509 1825 90 — Eh bien qu’est-ce qu’y a? demanda-t-il les yeux clignotant.
