3060 3960
479 365 2195 77 L’avion survolait la ferme, s’éloignait, revenait, commençait à tourner,

372 455 2304 73 serrant au plus près la colonne de feu. Meuglant au-dessous, les vaches

372 543 2304 81 tentaient de fuir vers l’obscurité, mais hommes et femmes les attendaient,

374 631 2300 88 gourdin en main, les obligeaient à tourner autour du brasier en un carrousel

376 723 361 86 fantastique.

479 838 1999 81 Nane monta sur un meuble qu’on avait oublié de livrer à l’incendie.

482 959 979 83 — Arrêtez! Arrêtez! cria-t-elle.

484 1086 2195 73 Mais on s’amusait trop bien. Ramos passait à la ronde sa bouteille qui fut

374 1170 396 77 bientôt vide.

482 1289 781 88 — Chtouki, viens m’aider.

482 1408 1748 88 — J' t’ai déjà dit d' pas m’appeler Chtouki, brailla celui-ci.

479 1533 2195 77 Mais il n’avait pas l’air autrement fâché et ses yeux clairets riaient. Il

372 1623 2307 75 ramassa une bouteille vide et, rigolant tout seul, suivit Ramos, direction la

369 1718 2307 70 barrique en perce. Après leur départ, il y eut un court moment de flottement.

372 1799 2309 88 Leur absence faisait dans la danse une brèche d’importance. Les bêtes virent

372 1892 2307 79 l’ouverture, foncèrent, s’engouffrèrent sous la poterne, dévalèrent le chemin

378 1984 694 73 vers la vallée obscure.

482 2101 1116 85 — Bon voyage! leur cria le Barbeau.

479 2219 2204 77 En contrebas, le vieux Mistigri, hébété et assourdi par l’avion, voyait

374 2314 2309 73 venir à lui ses vaches. Il les reconnaissait et les appelait chacune par son

369 2402 2307 75 nom, mais les bêtes s’effrayaient de cette ombre surgie de la nuit et se

369 2494 403 73 dispersaient.

484 2607 2192 90 Tandis qu’elles dégringolaient le chemin éven- tré par les rigoles de

369 2699 2307 79 l’hiver, encombré de galets, de feuilles pourries et de branchages, tandis

369 2791 2312 80 qu’elles fonçaient dans cette sorte de ravine, le vieux leva son fusil, mit en

369 2879 2305 91 joue l’avion et tira. Deux fois. Puis il rechargea, épaula, tira. Deux fois

372 2994 251 50 encore.

479 3091 2197 77 Une lueur éclata dans les rochers, un fracas lourd éclaboussa là nuit. Les

372 3181 2309 77 festoyeurs avaient tous levé la tête. Mistigri, hurlant de rire, partit en courant

372 3271 2212 77 à la poursuite de ses vaches, tandis qu’à l’est l’horizon commençait à rosir.

482 3394 2194 73 Fatigués de se paillarder et passablement ivres, les convives inquiets

369 3482 2312 77 entreprirent l’escalade d’une pente buissonneuse pour aller voir ce qui s’était
