3060 3960
479 360 1125 86 Ramos, lui-même, paraît se réveiller.

482 479 2102 84 — C’est rien, murmure-t-il d’une voix pâteuse, ça fait qu' commencer...

477 598 2199 79 Le papier est déroulé. Chtouki tient entre le pouce et l’index une grosse

369 690 2305 91 pierre verte montée sur une bague d’argent. Il la passe au doigt de Nane qui

372 783 217 88 rougit.

482 895 275 86 — Voilà.

482 1025 764 72 Ramos sourit vaguement.

488 1144 2188 74 — Nous, c’est comme ça qu’on est, mes toutes belles, dit-il en hochant la

372 1227 151 75 tête.

475 1344 883 81 Chtouki lui fait un clin d’œil.

484 1480 2195 66 — Ah, fait-il, vous allez voir ce qu' c’est, des vrais hommes !... On va

374 1559 2300 84 vous apprendre à vivre, nous! Par le fait, la révolte est commencée !... Et,

369 1650 1306 74 nom de Dieu! elle continuera, foutre Dieu!

482 1771 1263 74 — Par le fait! hurle Mariette enthousiaste.

482 1889 724 77 Ils éclatent tous de rire.

479 2010 2195 77 Nane saute au cou de Chtouki pour l’embrasser et le remercier. Elle ne

369 2101 1720 85 peut s’empêcher d’admirer sa bague. Chtouki est tout ému.

482 2222 981 85 — Alors, elle te plaît, ta bague?

482 2340 1970 80 Nane secoue vigoureusement la tête pour dire oui. Son regard luit.

482 2457 1380 88 — C’est la couleur de l’espérance, dit Chtouki.

479 2580 694 75 Nane devient écarlate.

484 2699 2192 79 — Toi, t’as la couleur de la révolution, ajoute –t-il en lui caressant la

369 2791 179 91 joue.

475 2908 2201 79 Chtouki ne bouge pas. Il est sûr de son pouvoir. Tout naturellement, il a

367 3003 2307 74 retrouvé une attitude étudiée. Bien campé sur ses jambes écartées, les poings

369 3102 2310 63 fermés devant sa braguette mais ne la touchant pas, lentement il commence à

372 3183 2304 75 se balancer. Sa physionomie qui n’exprimait rien, doucement, se modifie. Ses

372 3271 2304 88 yeux se plissent, les commissures de ses lèvres s’abaissent légèrement, une

372 3361 2298 79 légère contraction naît. Ce n’est pas un sourire, mais sa bouche a cette forme-

372 3451 1342 86 là, qui lui donne un air franchement ironique.
