3060 3960
486 371 1471 84 — Son garçon! L'est pas foutu avec son garçon!

486 490 2188 86 — Moi, j' vous dis, j' te les choperai, j’te leur ouvrirai l’ ventre, j' te leur

374 580 1820 80 coudrai des caillasses dedans, et j' te les jetterai dans l’étang.

482 699 653 84 — Et les gendarmes?

482 816 867 86 — Les gendarmes?... Tiens!

482 939 1314 75 Et l’homme qui parlait fit un bras d’honneur.

479 1062 2197 73 Pendant que les gens du village s’animaient, devenaient de plus en plus

369 1152 2307 71 méchants et réinventaient sans le savoir les supplices infligés dans les

369 1238 2307 77 contes, Mistigri regardait toujours droit devant lui, les yeux fixes. Plus par

372 1328 2307 84 gêne que par pitié, la patronne du bistrot se détourna pour dissimuler un

372 1423 253 70 sourire.

482 1535 2192 86 Montrond-les-Bains est une petite ville de plaine qui s’étire en croix,

369 1630 1968 75 beige et triste, à l’intersection de deux routes à grande circulation.

479 1749 2197 77 De maigres pelouses entourent les thermes. On y a ajouté dans les années

372 1841 2304 79 trente des parterres de fleurs, et on a protégé le tout de barrières en ciment,

369 1929 2310 73 de ces barrières moulées en série, grises et tarabiscotées. L’avenue

369 2019 2310 86 principale est bordée de platanes. La base des troncs est entourée d’un cercle

372 2114 2300 70 de fleurs, les mêmes que celles des parterres. L’avenue porte ce nom:

369 2200 2312 74 boulevard de l’Es-poir; mais une main rageuse a caviardé les écriteaux au

372 2290 2309 86 goudron, si bien qu’on peut lire tout le long de l’avenue : boulevard du

374 2387 339 68 Désespoir.

477 2494 2199 82 Il n’avait pas été question de s’arrêter ici, mais on passa devant une

369 2587 2312 86 bâtisse à l’aspect particulièrement sinistre. Le mot CASINO était sculpté en

369 2677 2307 79 style nouille au fronton du bâtiment. L’inscription accrocha le Barbeau. Il

372 2769 2304 77 demanda à Chtouki d’arrêter la voiture et, sans explication, descendit. A

369 2860 2305 83 grandes enjambées souples, il se dirigea vers des panneaux d’affichage. Il

369 2952 1964 75 resta un moment à les lire. Quand il revint, sa décision était prise.

479 3062 707 90 — On s’arrête là, dit-il.

479 3185 969 88 — C’est pas trop tôt, fit Chtouki.

484 3313 2192 75 — Il fait pas encore nuit, protesta Marguerite qui ne se sentait pas encore

372 3399 678 79 assez loin de la ferme.
