3060 3960
372 365 2309 75 de parfums, à fumer, à parler ou à ne rien dire, à ne rien faire, quoi !... Quant

369 451 2307 88 à lui, le Mistigri, il n’y est jamais grimpé, ça lui ferait- trop peine d’aller les

374 543 2309 75 voir. Mais il a entendu dire des choses par les petits de l’André, Sidonie et

372 633 2307 75 Pattemouille qui y montent de temps à autre. L’air de rien, il les écoute quand

369 719 2310 99 ils viennent à la Croix-Morant et qu’ils racontent. Tout ce qui vient du

378 811 2175 77 Tonton, toutes ses embrouilles, l’agace, le met en fougue, mais le captive.

477 930 2199 77 C’est le Tonton qui a retrouvé le corps du chasseur. Le Tonton, un sac sur

372 1023 2304 74 le dos, s’en remontait chez lui. Tous les mois, il va à Saint — Flour par le

369 1113 2307 72 car ; il part, tenant à la main son vieux havresac vide, et il revient le

369 1199 2312 79 lendemain. On dit qu’il reçoit des colis du Mexique, des herbes rares. Il fait

369 1291 2305 77 des décoctions, des tisanes. Il est un peu baroque comme on dit, le Tonton.

372 1386 2302 72 Il sait remettre les membres, il est rhabilleur, dans la langue de par ici; il

369 1474 2303 79 sait panser les chrétiens et soigner toutes sortes de maux. Avec sa négresse,

369 1564 2312 75 on les tient pour sorciers, et on les craint : vous parlez, là d’où il vient, au

369 1652 2305 86 milieu des nègres, d’une poignée d’herbes ou d’une pincée de poudre, celui

372 1760 1842 57 qui- vous en veut a beau jeu pour vous envoyer au cimetière.

482 1859 2194 77 Le Tonton donc remontait chez lui en passant par le Four de la Mine

369 1951 2303 81 quand il a aperçu le corps. Et dans un bel état. Dame, au bout d’une semaine,

372 2043 2302 75 au mois d’août... Il a reconnu le Cinabre à cette longue maigreur et au fusil.

369 2131 2307 84 Et puis, il avait trouvé aussi quelque chose près du cadavre, quelque chose

369 2219 2307 88 qui lui avait rappelé bizarrement- il n’était pas là quand ça s’était passé- ce

369 2310 2312 77 qu’on disait de la mort de l’Eugène. Immédiatement; par esprit de famille et

369 2402 1702 86 par haine du gendarme, le Tonton avait prévenu Mistigri.

482 2521 2199 77 Ce que le Tonton avait trouvé, c’était une médaille de la Sainte Vierge, en

369 2604 2305 88 or. Au dos étaient gravés les prénoms FLORINE, FRANÇOISE, MARIE,

369 2699 2307 79 suivis d’une date de naissance. Mistigri avait fait une petite enquête. La robe

367 2791 2307 75 de communiante de Mariette était tachée de sang, elle avait perdu ses gants

369 2884 2303 81 de dentelle blanche, et elle se refusait à parler. Persuasion, colère, coups,

372 2970 2309 79 Mistigri avait tout essayé; elle s’obstinait à ne pas dire un mot. Mariette, du

367 3060 2307 79 reste, ne parlait jamais. En un sens, Mistigri est fier de son silence. Il

367 3152 2309 75 reconnaît dans sa fille une personne de sa race. Elle est comme ça depuis sa

369 3245 2305 92 naissance, et il n’y a pas de raison pour que ça change. Lui non plus, il ne

369 3337 401 79 parle jamais.
