3060 3960
369 365 2305 81 prolongé sur Saïd, revient au Barbeau. Jeanne est fière de son pouvoir. Elle

372 453 2027 75 sent qu’elle rend les étrangers fous, tout comme les garçons du pays.

479 572 2197 74 Les yeux de Jeanne tombent sur le vieux. Elle se rend compte qu’il la

369 660 2307 77 surveille. Pas question de fauter bien sûr ; elle est destinée au Fernand. Ils

367 752 2309 86 pourront convoler dès son retour du régiment; en attendant, ils ont même le

369 840 1464 79 droit de s’amuser. C’est Mistigri qui l’a suggéré.:

477 961 2199 86 Mais la Youyette, elle est encore trop jeune, Mais la Youyette, elle est

369 1053 1433 73 encore trop jeune, Faites l’amour en attendant

479 1168 1070 90 Que la Youyette elle ait vingt ans!

479 1289 2195 83 La Jeanne, elle, elle veut bien que le Fernand l’embrasse dans le cou,

369 1381 2310 75 mais c’est tout. Le soir où le Mistigri, avec intention, avait fredonné la

369 1474 2307 74 chanson, le Fernand, sans doute parce qu’il avait bu, avait parlé de la niquer.

372 1568 2307 68 Elle n’avait rien dit, elle te l’avait seulement regardé bien en face et craché

369 1652 2314 75 en plein dans sa grosse figure. Il se l’était tenu pour dit. Même s’il racontait

367 1742 2309 86 partout, à ses copains et aux autres qu’il l’avait eue, il n’avait jamais essayé

369 1832 2307 75 de remettre ça. Il attendait son heure : il savait bien sûr que le mariage ne

372 1927 2304 70 laisserait à la Jeanne que le droit de subir son époux. Grand bien lui fasse!

369 2008 2307 79 Quant à elle, la Jeanne, elle lorgne Saïd, et puis le Barbeau- et elle se jure

372 2103 2302 81 bien que le Fernand ne sera pas le premier... En attendant que la Youyette,

367 2191 2312 81 elle ait vingt ans, la Jeannette, elle, compte bien ne pas être de reste question

372 2281 323 77 cabrioles.

477 2398 2199 79 Quand Marguerite eut disposé le lard fumé et le couteau à découper

367 2492 2307 77 devant Mistigri, elle retourna à sa place. En s’asseyant, sa cuisse vint par

369 2582 1693 75 maladresse donner contre celle du Barbeau. Elle y resta.

479 2699 2202 79 Le Barbeau regarda Marguerite. Elle coupait du pain. Elle lui en tendit

372 2796 2309 72 une grosse tranche sur la pointe de son couteau, et son regard ne cilla pas. La

367 2882 2309 83 main du Barbeau se posa bien à plat sur la cuisse offerte. Marguerite

372 2987 2153 62 continuait de couper des tranches de pain comme si rien ne s’était passé.

479 3093 2195 75 La main se promena, remonta. Le regard du Barbeau revint sur Jeanne.

369 3183 2307 75 Celle-ci lui souriait étroitement. Elle avait observé sa belle-mère et compris

369 3271 2307 88 ce qui était en train de se passer. Le Barbeau fixa Saïd, puis Jeanne de

369 3361 2305 79 nouveau. Ils étaient tous les deux anormalement collés contre la table. Le
