3060 3960
482 363 1358 74 Un noir succède à l’image. Un speaker paraît.

484 492 2190 77 — Chers téléspectateurs, dit-il, c’est sur ce message d’espoir que se

369 569 2307 77 terminait l’interview que M. Bafuleuse accorda le mois passé à la Radio

372 662 2309 75 Diffusion Télévision Française. Je vous rappelle que M. Bafuleuse fit un

369 750 2305 79 apport capital dans l’organisation des recherches nucléaires françaises. Nous

372 842 1386 82 avons eu aujourd’hui la douleur d’apprendre...

482 968 2197 70 Le député et le commandant se lèvent brusquement et sortent du débit de

369 1049 2312 86 boissons. Sur la place, à l’extérieur, règne une atmosphère de fête. Le bal bat

374 1146 315 81 son plein.

479 1262 2195 75 Un groupe de jeunes gens vêtus de plastique noir et montés sur des

369 1350 2307 88 petites motos fait irruption sur l’esplanade. Les jeunes gens arrêtent leur

369 1441 2307 77 machines pétaradantes et grimpent en braillant sur le plancher de danse. Les

369 1533 2307 75 filles qu’ils trimbalaient en croupe les suivent. Il y a parmi eux des gars

369 1621 2307 86 récemment libérés du service militaire: on les reconnaît aux quilles de métal

369 1711 1955 75 ou de bois doré qu’ils portent autour du cou, au bout d’une chaîne.

484 1834 2188 82 Mistigri, assis sous la tonnelle où il recommence à boire, les regarde,

372 1918 653 77 l’œil soudain allumé.

477 2039 2197 79 A la même heure, à la ferme de la Croix — Morant, hommes et femmes

372 2129 933 77 s’éveillent à peine de la sieste.

479 2255 2197 74 Ramos est le seul debout. Il a très soif. Le dernier tonneau du vieux a été

374 2343 2300 83 vidé et il n’y a plus une bouteille où il reste quelque chose. Désœuvré,

369 2431 2307 74 l’ivrogne rôde dans la cour de la ferme. Du bout de sa sandale, il remue les

369 2523 2312 75 cendres encore chaudes du grand feu de la nuit dernière. If pense aux

369 2609 2307 79 événements récents, à la manière dont ils se sont précipités. L’arrivée des

372 2701 2304 86 gendarmes mobiles les a tous un peu inquiétés; mais, en observant les allées

372 2794 2304 74 et venues, ils se sont un peu rassurés, quand ils ont compris que la flicaille

367 2882 2307 74 n’en avait qu’à l’avion et à ses occupants. Ils avaient cependant dissimlé les

372 2972 1602 81 objets dérobés, au cas où on serait venu les inquiéter.

479 3095 2197 70 Ramos se dirige vers l’abreuvoir. Il s’assoit sur le bord du bâchât taillé

367 3181 2307 79 dans une bille de chêne et laisse traîner sa main moite dans l’eau glacée. Il

369 3271 1724 77 reste là, une minute ou deux, réfléchissant, puis il se lève.

482 3392 2192 75 La 402 est garée dans la grange. C’est dans cette direction qu’il porte ses

369 3480 2305 90 pas. Il ouvre les deux battants du grand portail et se dirige vers la voiture. Il
