3060 3960
482 360 682 77 Il continue de brailler.

484 481 2190 88 — Eh, crouillat, j’ai pas 'core trouvé d’ gars qu’a pu m' mettre l' cul par

374 574 678 81 terre. Tu veux y tâter?

482 693 1087 72 Saïd avance toujours sans répondre.

479 818 2195 73 Brusquement, Fernand plonge dans l’appentis. Saïd s’arrête. Il se ramasse

374 906 1241 70 sur lui-même, tous ses muscles en attente.

475 1018 2199 79 Quand Fernand resurgit, il brandit une serpe rouillée. Il ricane.

369 1111 2303 79 Doucement, il commence à avancer. Saïd recule. Il s’assure bien sur ses

372 1205 1215 84 jambes, prêt à esquiver le premier coup.

479 1320 1145 88 — Alors, t’as pas d’couilles, crouille?

479 1438 586 80 La serpe fend l’air.

479 1562 2197 85 Un coup pour rien, un coup pour la beauté du geste. Fernand veut faire

369 1650 2307 77 les choses en beauté. Il veut que ça dure ; il tient à être content de lui ; il

369 1740 2305 88 aime le spectacle, et il ne craindrait pas que la foule s’amasse. Le gros

369 1832 2312 84 garçon rigole tout seul. Il continue d’avancer de son pas lourd, un peu

369 1925 2312 74 chancelant. Il se racle le palais et, avec sa mauvaise haleine, crache un peu

372 2017 262 81 de sang.

482 2127 1580 81 Saïd ne bouge plus; il attend Fernand de pied ferme.

477 2252 2199 75 La serpe décrit une trajectoire majuscule, et s’immobilise. Comme une

369 2340 2305 80 tenaille, la main de Saïd s’est refermée sur le poignet de Fernand et l’a arrêté.

369 2431 2312 85 D’un regard clignotant, le lourdaud fixe sa serpe avec stupéfaction. Sur son

374 2523 2307 88 visage, cette stupéfaction se prolonge encore, car Jeanne apparue soudain

372 2613 1422 75 derrière lui l’assomme avec le plat d’une bêche.

479 2741 918 64 Fernand tombe comme un sac.

479 2855 1101 71 — Pauvre foutraque, murmure-t-elle.

479 2972 1099 88 Jeanne le regarde, presque apitoyée.

482 3091 2197 77 Saïd dévisage Jeanne; il sourit. Elle répond à son sourire, intimidée par

372 3181 2307 77 ce regard qui la détaille. Ses yeux brillent. Par la chemise déboutonnée de

372 3269 2304 79 l’homme, elle aperçoit sa peau dorée et velue. Une brusque flambée de désir

372 3363 2304 75 monte en elle. Elle rougit, se sent rougir et voit bien que Saïd s’en aperçoit.

369 3451 2307 80 Elle voudrait brusquement être ailleurs, mais ne peut s’en aller, craignant que
