3060 3960
488 481 2186 75 Tandis que l’aube commençait à poindre, ils découvrirent sous les sapins

372 572 2307 77 une traînée de débris étranges. Parmi les guirlandes et des serpentins, un

369 662 2307 75 chausson de velours brodé, une bouteille de champagne intacte gisaient dans

369 756 2312 80 l’herbe grise. Une immense écharpe de mousseline, un seau en argent

374 844 2307 82 pendaient à des branches. Enfin, dans un monceau de ferraille rouge et

372 935 1175 72 blanche, cinq cadavres presque intacts.

479 1047 2202 88 Le spectacle semblait une féerie funèbre. Le pilote, un nègre en habit

372 1139 2307 88 galonné était à plat ventre dans la ferraille. Non loin de lui, un gros homme

369 1232 2305 77 en robe de chambre soyeuse, les poings serrés, avait la citrouille éclatée.

376 1324 2303 73 Trois fées étaient allongées tout près dans la mousse, une longue fille brune

369 1410 2310 79 et dorée, enrubannée de soie blanche, et deux merveilleux travestis aux

374 1504 843 82 visages peints et emplumés.

482 1621 2194 75 Les vivants erraient autour des morts, perplexes. Mariette, nue, se

372 1711 2304 77 couvrait d’étoffes bigarrées et jouait avec les bijoux répandus. Assis dans les

369 1801 2312 86 épaves, Ramos décapita à la serpe une bouteille de champagne et

372 1892 2302 74 s’éclaboussa le torse de mousse. Le Barbeau desserra les poings du gros

369 1982 2307 75 homme. Il y avait dans le gauche une pièce d’échec, un fou noir ; et dans le

369 2070 2307 79 droit, un trèfle à quatre feuilles et quelque chose qui ressemblait à du foutre

374 2156 207 81 séché.

482 2279 2194 77 Une fois qu’ils eurent fouillé les débris, vérifié qu’il n’y avait pas de

372 2371 2300 84 survivants, une fois qu’ils se furent emparé d’un butin maigre et merveilleux,

372 2461 1428 77 ils redescendirent tous les huit à regret la pente.

479 2578 2197 88 Ramos portait des bouteilles ; Chtouki, des pièces métalliques ; le

374 2675 2305 72 Barbeau jouait avec une incroyable perruque, un stylo Parker à la poche de

372 2763 2304 75 sa chemise; un briquet d’or et des cigares bourraient les poches de Saïd; les

372 2851 2304 77 femmes étaient chargées de bijoux et d’étoffes; Mariette traînait à l’arrière

369 2941 2307 77 du cortège pour ramasser, une à une, les perles éparpillées d’un collier

372 3031 1069 77 rompu. Devant elle, Saïd se baissa.

475 3150 2199 79 Quand il se redressa, il tenait à la main une grosse sacoche de cuir. Il

369 3240 2301 75 l’ouvrit. La sacoche renfermait un volumineux dossier titré « CADA¬

369 3324 2307 83 RACHE/TOP SECRET ». Saïd en fit sauter la sangle, balança la sacoche

372 3438 1974 62 dans un buisson et dispersa aux quatre vents le contenu du dossier.

372 365 202 81 passé.
