<?xml version="1.0" encoding="UTF-8"?>
<alto xmlns:xsi="http://www.w3.org/2001/XMLSchema-instance"
      xmlns="http://www.loc.gov/standards/alto/ns-v4#"
      xsi:schemaLocation="http://www.loc.gov/standards/alto/ns-v4# http://www.loc.gov/standards/alto/v4/alto-4-2.xsd">
  <Description>
    <MeasurementUnit>pixel</MeasurementUnit>
    <sourceImageInformation>
      <fileName>page_00088.png</fileName>
      
    </sourceImageInformation>
  </Description>
  
  <Tags>
    <OtherTag ID="BT10547" LABEL="MainZone" DESCRIPTION="block type MainZone"/><OtherTag ID="BT10548" LABEL="NumberingZone" DESCRIPTION="block type NumberingZone"/><OtherTag ID="BT10549" LABEL="RunningTitleZone" DESCRIPTION="block type RunningTitleZone"/><OtherTag ID="BT10550" LABEL="TitlePageZone" DESCRIPTION="block type TitlePageZone"/><OtherTag ID="BT10551" LABEL="MarginTextZone" DESCRIPTION="block type MarginTextZone"/><OtherTag ID="BT10552" LABEL="QuireMarksZone" DESCRIPTION="block type QuireMarksZone"/>
    <OtherTag ID="LT4125" LABEL="DefaultLine" DESCRIPTION="line type DefaultLine"/><OtherTag ID="LT4126" LABEL="HeadingLine" DESCRIPTION="line type HeadingLine"/><OtherTag ID="LT4127" LABEL="default" DESCRIPTION="line type default"/>
  </Tags>
  
  <Layout>
    <Page WIDTH="3060"
          HEIGHT="3960"
          PHYSICAL_IMG_NR="84"
          ID="eSc_dummypage_">
      <PrintSpace HPOS="0"
                  VPOS="0"
                  WIDTH="3060"
                  HEIGHT="3960">
        
        <TextBlock HPOS="352.63323974609375"
                   VPOS="335.57818603515625"
                   WIDTH="2347.2913208007812"
                   HEIGHT="957.3994750976562"
                   ID="block_0"
                   TAGREFS="BT10547">
          <Shape><Polygon POINTS="352.633 335.578 2699.92 335.578 2699.92 1292.98 352.633 1292.98 352.633 335.578"/></Shape>
          
          
          <TextLine ID="eSc_line_42fac652"
                    TAGREFS="LT4125"
                    BASELINE="482 420 2679 415" 
                    HPOS="479"
                    VPOS="363"
                    WIDTH="2200"
                    HEIGHT="72">
            <Shape><Polygon POINTS="482 420 482 435 2676 433 2679 415 2676 376 2641 363 2639 363 2637 363 2635 363 2588 374 2489 363 2487 363 2485 363 2439 374 2436 374 2175 363 2172 363 2113 374 2108 374 2102 374 2042 363 2040 363 1688 371 1523 376 479 369 482 420"/></Shape>
	    <String CONTENT="Monsieur le Curé et sa gouvernante montèrent très dignement dans la"
                    HPOS="479"
                    VPOS="363"
                    WIDTH="2200"
                    HEIGHT="72"
                    WC="0.9864530435630253"></String>
          </TextLine>

          
          
          <TextLine ID="eSc_line_3501c025"
                    TAGREFS="LT4125"
                    BASELINE="374 510 2683 510" 
                    HPOS="374"
                    VPOS="453"
                    WIDTH="2309"
                    HEIGHT="75">
            <Shape><Polygon POINTS="374 510 374 528 2683 528 2683 510 2683 468 2602 453 2599 453 2597 453 2558 466 2485 455 2483 455 2481 455 2436 468 1996 468 1968 453 1965 453 1963 453 1906 464 1840 453 1838 453 1836 453 1791 466 1741 453 1739 453 1736 453 1734 453 1732 453 1712 466 1305 466 1168 453 1166 453 1164 453 1162 453 1138 468 878 468 836 453 834 453 684 453 682 453 680 453 678 453 660 464 614 453 612 453 609 453 607 453 574 466 477 453 475 453 374 466 374 510"/></Shape>
	    <String CONTENT="vieille 2 CV La voiture démarra, monsieur le Curé et sa gouvernante s’en"
                    HPOS="374"
                    VPOS="453"
                    WIDTH="2309"
                    HEIGHT="75"
                    WC="0.9950222574375771"></String>
          </TextLine>

          
          
          <TextLine ID="eSc_line_88c38e5f"
                    TAGREFS="LT4125"
                    BASELINE="374 600 2683 596" 
                    HPOS="372"
                    VPOS="543"
                    WIDTH="2311"
                    HEIGHT="75">
            <Shape><Polygon POINTS="374 600 374 616 2679 618 2683 596 2679 556 2357 556 2357 554 2331 543 2329 543 2326 543 2324 543 2280 554 2278 554 2276 554 2157 543 2155 543 2153 543 2106 554 2104 554 2102 554 1992 543 1990 543 1613 554 1514 556 1492 554 1426 545 1424 545 1325 554 1290 556 1261 554 1186 545 1184 545 1096 554 1061 556 1025 554 935 545 933 545 873 554 849 556 372 554 374 600"/></Shape>
	    <String CONTENT="furent vers une autre paroisse de la commune. Sous les arbres, les vieux en"
                    HPOS="372"
                    VPOS="543"
                    WIDTH="2311"
                    HEIGHT="75"
                    WC="0.9982201910018921"></String>
          </TextLine>

          
          
          <TextLine ID="eSc_line_475b15cf"
                    TAGREFS="LT4125"
                    BASELINE="374 690 2676 686" 
                    HPOS="372"
                    VPOS="631"
                    WIDTH="2304"
                    HEIGHT="77">
            <Shape><Polygon POINTS="374 690 374 708 2674 704 2676 686 2672 646 2199 646 2194 644 2175 631 2172 631 2170 631 2168 631 2166 631 2130 644 2126 644 2117 644 2047 631 1921 631 1919 631 1917 631 1884 642 1877 644 1864 642 1802 631 1800 631 1798 631 1758 642 1745 644 1664 642 1463 633 1461 633 1459 633 1457 633 1446 640 1435 646 1404 640 1364 633 1362 633 1235 640 1105 649 906 649 891 638 882 633 880 633 878 633 876 633 759 638 570 646 372 638 374 690"/></Shape>
	    <String CONTENT="bleu cessèrent de jouer aux boules. Les têtes des vieilles dames assises sur"
                    HPOS="372"
                    VPOS="631"
                    WIDTH="2304"
                    HEIGHT="77"
                    WC="0.9994566035576355"></String>
          </TextLine>

          
          
          <TextLine ID="eSc_line_a12cbb0a"
                    TAGREFS="LT4125"
                    BASELINE="372 783 2676 778" 
                    HPOS="369"
                    VPOS="721"
                    WIDTH="2307"
                    HEIGHT="86">
            <Shape><Polygon POINTS="372 783 372 796 1492 807 1494 807 1633 796 1644 796 2674 796 2676 778 2672 734 2604 721 2602 721 2599 721 2560 732 2419 721 2417 721 2414 721 2370 732 2368 732 2366 732 2265 721 2263 721 2260 721 2223 732 2221 732 2216 732 2104 721 2102 721 2053 732 2049 732 2038 732 1893 721 1891 721 1609 732 1505 734 1474 730 1417 723 1415 723 1413 723 1382 730 1364 734 1334 730 1274 723 1272 723 1270 723 1241 730 1224 734 1173 730 1087 723 1085 723 1034 730 999 734 369 730 372 783"/></Shape>
	    <String CONTENT="le parapet se rapprochèrent, les chapeaux de paille vernie se heurtèrent, les"
                    HPOS="369"
                    VPOS="721"
                    WIDTH="2307"
                    HEIGHT="86"
                    WC="0.9947211749946014"></String>
          </TextLine>

          
          
          <TextLine ID="eSc_line_88613dae"
                    TAGREFS="LT4125"
                    BASELINE="372 869 2672 873" 
                    HPOS="369"
                    VPOS="811"
                    WIDTH="2303"
                    HEIGHT="84">
            <Shape><Polygon POINTS="369 882 2668 895 2672 873 2670 827 2419 814 2417 814 1877 820 1593 825 1501 818 1382 811 1380 811 1345 818 1318 822 1241 818 1149 811 1146 811 1116 816 1085 822 1041 816 1003 811 1001 811 962 816 909 822 372 814 372 869"/></Shape>
	    <String CONTENT="bouches et les oreilles vinrent plus près encore. Dans le débit de boissons,"
                    HPOS="369"
                    VPOS="811"
                    WIDTH="2303"
                    HEIGHT="84"
                    WC="0.9925888371773255"></String>
          </TextLine>

          
          
          <TextLine ID="eSc_line_5d8010dd"
                    TAGREFS="LT4125"
                    BASELINE="374 959 1210 954" 
                    HPOS="372"
                    VPOS="899"
                    WIDTH="838"
                    HEIGHT="77">
            <Shape><Polygon POINTS="374 959 374 976 1208 972 1210 954 1206 917 1135 915 1122 902 1122 899 1120 899 1118 899 1116 899 1113 899 1080 915 1043 899 1041 899 1039 899 1036 899 1010 910 981 899 979 899 977 899 975 899 973 899 973 902 959 915 924 899 922 899 920 899 918 899 884 915 882 917 618 917 594 913 537 902 534 902 372 910 374 959"/></Shape>
	    <String CONTENT="Mistigri commanda à boire."
                    HPOS="372"
                    VPOS="899"
                    WIDTH="838"
                    HEIGHT="77"
                    WC="0.9902201559808519"></String>
          </TextLine>

          
          
          <TextLine ID="eSc_line_5ae0e66c"
                    TAGREFS="LT4125"
                    BASELINE="490 1082 2674 1075" 
                    HPOS="488"
                    VPOS="1018"
                    WIDTH="2186"
                    HEIGHT="82">
            <Shape><Polygon POINTS="490 1082 490 1100 2672 1093 2674 1075 2670 1034 2533 1034 2533 1031 2505 1018 2503 1018 2500 1018 2498 1018 2445 1031 2443 1034 2064 1034 2060 1029 2042 1018 2040 1018 2038 1018 2036 1018 2034 1018 1998 1029 1957 1018 1954 1018 1952 1018 1880 1029 1849 1034 1820 1029 1772 1020 1769 1020 1767 1020 1747 1029 1734 1034 1706 1029 1662 1020 1659 1020 1657 1020 1655 1020 1644 1029 1635 1034 1578 1029 1521 1023 1518 1023 1516 1023 1499 1027 1479 1034 1439 1027 1393 1020 1391 1020 1389 1020 1386 1020 1378 1027 1367 1034 1345 1027 1329 1023 1327 1023 1325 1023 1323 1023 1305 1027 1279 1034 1250 1027 1219 1020 1217 1020 1215 1020 1201 1027 1184 1036 488 1025 490 1082"/></Shape>
	    <String CONTENT="Tandis que buvant, crachant, éructant, il s’excitait à raconter, tandis que"
                    HPOS="488"
                    VPOS="1018"
                    WIDTH="2186"
                    HEIGHT="82"
                    WC="0.9916176215394751"></String>
          </TextLine>

          
          
          <TextLine ID="eSc_line_e15677df"
                    TAGREFS="LT4125"
                    BASELINE="372 1166 2674 1170" 
                    HPOS="369"
                    VPOS="1108"
                    WIDTH="2305"
                    HEIGHT="80">
            <Shape><Polygon POINTS="372 1166 369 1183 2670 1188 2674 1170 2672 1126 2551 1126 2551 1124 2522 1111 2520 1111 2386 1111 2384 1111 2381 1111 2351 1124 2348 1124 2346 1124 2300 1111 2298 1111 2201 1111 2199 1111 2197 1111 2194 1111 2175 1122 2172 1124 2164 1122 2113 1113 2111 1113 1981 1122 1939 1124 1935 1122 1917 1111 1915 1111 1913 1111 1910 1111 1908 1111 1877 1122 1869 1124 1842 1122 1763 1111 1761 1111 1758 1111 1725 1119 1714 1124 1703 1119 1677 1111 1675 1111 1673 1111 1670 1111 1644 1119 1631 1124 1468 1124 1461 1119 1439 1108 1437 1108 1435 1108 1386 1119 1371 1122 1362 1119 1336 1108 1334 1108 1331 1108 1281 1117 1261 1122 1250 1117 1224 1108 1221 1108 1219 1108 1171 1117 1149 1122 1133 1117 1102 1108 1100 1108 1098 1108 1096 1108 1069 1117 1056 1122 1043 1117 1021 1108 1019 1108 1017 1108 1014 1108 988 1117 970 1122 933 1117 876 1108 873 1108 825 1115 803 1119 796 1115 785 1108 783 1108 781 1108 779 1108 777 1108 774 1108 763 1115 750 1122 372 1115 372 1166"/></Shape>
	    <String CONTENT="l’aubergiste s’efforçait de démêler le vrai du faux dans cette folle râtelée qui"
                    HPOS="369"
                    VPOS="1108"
                    WIDTH="2305"
                    HEIGHT="80"
                    WC="0.993380672791425"></String>
          </TextLine>

          
          
          <TextLine ID="eSc_line_f9d001ae"
                    TAGREFS="LT4125"
                    BASELINE="372 1258 2520 1258" 
                    HPOS="372"
                    VPOS="1201"
                    WIDTH="2148"
                    HEIGHT="79">
            <Shape><Polygon POINTS="372 1258 372 1280 2520 1280 2520 1258 2520 1214 2474 1201 2472 1201 2470 1201 2467 1201 2421 1216 2395 1216 2115 1216 2113 1214 2062 1201 2060 1201 2058 1201 2056 1201 2003 1214 2001 1214 1996 1214 1959 1201 1957 1201 1954 1201 1875 1214 1864 1214 1855 1214 1774 1201 1706 1201 1703 1201 1701 1201 1699 1201 1681 1212 1677 1216 1541 1216 1536 1212 1512 1201 1510 1201 1507 1201 1505 1201 1461 1212 1452 1214 1444 1212 1408 1201 1406 1201 1404 1201 1402 1201 1373 1212 1367 1214 1360 1212 1336 1201 1334 1201 1331 1201 1329 1201 1301 1212 1292 1214 1283 1212 1246 1201 1243 1201 1241 1201 1164 1212 1140 1214 1127 1212 1091 1201 1089 1201 1087 1201 1085 1201 1045 1212 1030 1214 1021 1210 999 1201 997 1201 995 1201 935 1210 909 1214 889 1210 851 1201 849 1201 847 1201 845 1201 812 1210 794 1216 671 1216 660 1210 647 1201 645 1201 642 1201 640 1201 372 1207 372 1258"/></Shape>
	    <String CONTENT="lui était hoquetée, à la Bastide de la Croix — Morant la fête commençait."
                    HPOS="372"
                    VPOS="1201"
                    WIDTH="2148"
                    HEIGHT="79"
                    WC="0.9930492891715124"></String>
          </TextLine>

          
        </TextBlock>
        

        
      </PrintSpace>
    </Page>
  </Layout>
</alto>
