3060 3960
484 360 1466 86 — Et cette fois, tu n’as plus peur? demanda Saïd.

482 479 2192 79 Sa voix était rauque. Jeanne prit conscience du désir de l’homme. Elle

374 574 215 86 rougit.

482 693 1569 74 — Non, murmura-t-elle. Je n’ai plus peur maintenant.

477 809 2199 77 Elle laissa sa tête aller contre la poitrine de Saïd. Il posa ses mains sur

372 904 2309 72 sa tête, caressa délicatement ses cheveux. Il la sentit frémir et se recula un

369 992 2307 86 peu, respectant son émoi. Elle se plaqua alors contre lui. Les mains à la fois

372 1082 2304 75 dures et douces de l’homme descendirent le long de l’échine de Jeanne, se

367 1172 2307 86 rencontrèrent autour de sa taille qui se cambra. Il eut l’impression de tenir

372 1262 528 82 une bête de sang.

479 1379 1191 86 — Que tu es souple, lui dit-il à mi-voix.

479 1509 2202 70 Il eut un léger mouvement en arrière pour la mieux voir : ses yeux étaient

369 1590 2307 79 étincelants, et ses lèvres rouges comme un fruit mûr; elle l’attendait, et il la

374 1685 733 75 sentit qui s’abandonnait.

479 1799 1046 84 — Viens, dit-elle dans un souffle.

479 1920 2109 79 Puis elle se reprit. Elle saisit Saïd par la taille et le pressa contre elle.

479 2039 956 88 — Viens, répéta-t-elle plus fort.

482 2160 2201 77 Elle lui prit la main et le conduisit vers la bergerie écroulée où elle avait

369 2252 2307 75 coutume de retrouver Fernand. Il y avait là un peu de foin répandu. Elle se

367 2343 1482 81 pencha pour le rassembler et l’arranger en litière.

479 2459 2197 88 Saïd lui attrapa les mains avec une certaine brusquerie, l’obligea à se

367 2549 2309 77 redresser. En même temps, du pied, il chamboulait le nid. Une colère

372 2642 2307 75 violente et soudaine paraissait s’être emparée de lui. Instinctivement, Jeanne

369 2734 2305 75 recula. Elle se heurta au mur. L’homme lui tenait toujours les poignets. Il

376 2824 1312 75 s’avança, son regard dur planté dans le sien.

479 2939 894 86 — Non, lui dit-il d’un ton sec.

477 3064 2202 84 Jeanne ne comprit pas. Un peu ahurie, vaguement effrayée, elle regarda

369 3157 2307 72 Saïd sans bouger. Saïd lâcha ses poignets, ses traits se radoucirent. Il

367 3242 2314 75 renonçait à expliquer. Les yeux de Jeanne continuaient d’interroger. Saïd

369 3339 2310 71 haussa les épaules. Il eut un sourire bref. Les mains de Jeanne se nouèrent sur

372 3421 2304 123 sa nuque. Elle se rapprocha, se décollant du mur et tendant son corps contre

372 3509 231 79 le sien.
