3060 3960
482 363 609 74 Clairon, Trompette,

484 481 581 88 Qui chie, qui pète,

482 602 570 86 Qui prend son cul

479 723 656 80 Pour une trompette!

479 840 1266 77 La fenêtre de l’école s’ouvre brusquement.

486 959 2190 88 — C’est bientôt fini, ce chambard. Eh bien, Guérin, qu’est-ce qu’il y a

372 1064 389 64 maintenant?

482 1174 1726 73 — Ce sont les gamins, mon Commandant, ils sont enragés.

484 1291 2192 77 — Eh bien, calmez-les. Vous êtes ici pour le maintien de l’ordre, nom de

372 1375 211 90 Dieu!

479 1500 793 84 — Oui, mon Commandant.

482 1623 909 86 — Qu’est-ce que c’est que ça?

482 1740 1125 86 — Un message du lieutenant Fournier.

477 1863 339 79 — Donnez.

477 1980 2204 88 Le commandant prend le billet plié en quatre, et parcourt l’esplanade d’un

372 2074 576 75 regard dominateur.

479 2189 2200 90 — Maintenant, je ne veux plus rien entendre. Le premier que je prends à

372 2281 1725 84 gueuler, je le flanque en prison. Compris? Allez, rompez.

475 2404 2201 73 Il a un dernier regard vers le plancher de danse. Toute la carcasse du bal

369 2490 2307 79 est en place. Les forains sont occupés à tendre la bâche du toit. Un peu à

372 2582 1411 82 l’écart, leur chèvre tourne autour de son piquet.

479 2699 2028 79 Le commandant referme la fenêtre. Il revient vers la table, s’asseoit.

479 2820 1158 86 — Où en étions-nous, madame Boyer?

482 2937 1783 92 — Je parlais de la Marguerite, l’actuelle femme du Mistigri.

484 3064 319 82 — Ah oui.

477 3179 2206 77 Le commandant déplie le billet que lui a remis le gendarme Guérin et

369 3271 2307 88 chausse ses lunettes à double foyer. Il lit, puis roule le papier en bouchon.

372 3359 2309 81 Sur le point de le jeter, il rencontre le regard du député, se ravise et enfouit

372 3449 990 79 le billet chiffonné dans sa poche.
