2550 3300
459 272 1595 110 les mots... Ainsi, à l’âge de treize ans, je viens de

467 379 1582 85 finir mes Mémoires. Maux d’enfant, souvenirs d’en

467 451 1585 107 France... (Il ricana.) L'emmerdement pour vous,

467 544 1585 94 les psys, c’est d’avoir à traiter un handicapé mental

470 646 1584 88 avec un si gros Ql ! Ici se termine la demnière bande

473 723 1328 96 enregistrée par le petit Philippe Topineau.

550 805 1510 97 Il écrasa son pétard, rembobina l’enregistrement.

473 893 1218 97 et inscrivit sur la cassette le numéro 7.

558 973 924 96 — Voilà, dit-il, en se levant.

550 1056 1499 107 Il sortit sur le pont. L’aurore se levait. Philippe lui

478 1155 1579 93 tourna le dos et vit devant lui, à l’ouest, une ombre

484 1237 1576 99 glacée au large de laquelle le bateau dérivait. Le

481 1325 1576 99 front contre le vent qui soufflait de la côte, dans la

478 1408 1579 93 lumière froide, plein d’horreur et de pitié, il voguait

481 1493 965 107 dans le jour hérissé d’oiseaux.

1248 1732 66 91 *

484 1927 1576 83 — Brouillard maudit ! Misère de Dieu ! C’est pas

484 2007 698 96 un jour à être patron!

561 2087 1491 104 A la barre de La Jarnigoine, François Ladou-

484 2180 1579 94 ceur pestait à voix haute. Son ton traînant était

484 2263 1204 99 encore alourdi par l’accent québécois.

572 2348 1491 96 — Pour sûr, ronchonnait-il, le soleil va bientôt

484 2442 1570 101 se lever mais ce n’est pas pour ça, mon François,

486 2546 658 77 que tu verras mieux.

561 2609 1499 99 Ça se passait début novembre, au large des côtes

486 2695 1577 96 du Canada. Le chalutier faisait route vers les îles

484 2780 1579 99 de la Madeleine. La pêche n’avait pas été fameuse

489 2882 1574 118 et le bateau devait regagner Havre-Aubert pour
