2550 3300
555 390 1475 96 joint et parlait avec lenteur, en ricanant entre les

555 484 182 96 mots.

640 544 1384 110 — 96... (il tira une bouffée) 1900, évidemment...

555 640 572 99 Octobre... Le 17...

629 731 1398 99 La mer était calme, le silence presque total. La

561 816 1455 94 nuit se terminait; la lueur du jour à naître se com¬

563 910 1458 85 binait à celle de la lune pour traverser les hublots

563 981 1453 94 crasseux et jeter un pâle éclat métallique sur le

566 1072 1450 99 reste de la cambuse. De temps à autre, Philippe

563 1152 1450 96 regardait vers le hublot. Perdu dans une étendue

566 1240 1447 88 brumeuse, l’astre mort demeurait invisible et le

569 1317 1441 99 garçon parlait comme s’il s’adressait à cette clarté

569 1402 283 91 minérale.

646 1485 1359 88 — O, ma Lune, annonça-t-il, c’est mon anniver-

566 1556 1439 96 saire. Eh oui, j’ai aujourd’hui treize ans... Tu me

566 1644 1436 99 crois loin, tu me vois presque plus, tu m’entends

566 1738 1436 79 encore mais le lien des mots commence à se défaire

566 1804 1439 93 aussi. J’ai affaire ailleurs, je ne te prendrai plus la

569 1889 1433 96 tête avec cette diarrhée... Toi, tu préfères un mot

566 1966 1433 91 chic “logorrhée", pourquoi tant de pudibonderie, ma

566 2043 1431 96 Lune ? Moi, j’ai toujours appelé un chat un chat, ce

566 2125 1428 97 n’est pas aujourd’hui que je vais changer... Bon, il

572 2213 1425 91 est temps d’arrêter ce  journal’. Les Rosbifs disent

569 2285 1419 96 diary, ils sont moins loin de la vérité, les fourbes...

635 2365 1356 93 Philippe sourit et s’efforça de regarder la grande

569 2447 1422 96 ombre qui, au bout d’une corde, se balançait en

572 2530 712 82 face de lui sur la cloison.

651 2601 1326 102 — J’ai encore quelques rangements, un peu de

566 2692 1417 85 ménage à faire. Je ne te dois rien mais j’aime ça,

566 2763 1420 88 ranger Je n’ai plus grand-chose à raconter. De toute

563 2849 1420 90 façon, tu le sais, ce que j’ai à dire ne tient guère dans

566 2986 63 88 14
